timestamp,xbtusd_bid,xbtusd_ask,xbtm19_bid,xbtm19_ask
2019-05-28T18:23:03.341Z,8756.5,8757,8953,8953.5
2019-05-28T18:23:03.561Z,8756.5,8757,8953,8953.5
2019-05-28T18:23:05.782Z,8756.5,8757,8953,8953.5
2019-05-28T18:23:05.782Z,8756.5,8757,8953,8953.5
2019-05-28T18:23:08.051Z,8756.5,8757,8953,8953.5
2019-05-28T18:23:08.800Z,8756.5,8757,8953,8953.5
2019-05-28T18:23:10.698Z,8756,8756.5,8952,8953.5
2019-05-28T18:23:12.186Z,8756,8756.5,8952,8953.5
2019-05-28T18:23:12.186Z,8756,8756.5,8952,8953.5
2019-05-28T18:23:12.186Z,8756,8756.5,8952,8953.5
2019-05-28T18:23:12.186Z,8756,8756.5,8952,8953.5
2019-05-28T18:23:15.385Z,8756,8756.5,8950,8950.5
2019-05-28T18:23:16.866Z,8756,8756.5,8950,8950.5
2019-05-28T18:23:17.734Z,8756,8756.5,8950,8950.5
2019-05-28T18:23:17.734Z,8756,8756.5,8950,8950.5
2019-05-28T18:23:20.436Z,8755.5,8756,8948.5,8949
2019-05-28T18:23:20.436Z,8755.5,8756,8948.5,8949
2019-05-28T18:23:22.050Z,8755.5,8756,8948.5,8949
2019-05-28T18:23:22.050Z,8755.5,8756,8948.5,8949
2019-05-28T18:23:24.836Z,8755.5,8756,8948,8948.5
2019-05-28T18:23:25.323Z,8755.5,8756,8948,8948.5
2019-05-28T18:23:25.323Z,8755.5,8756,8948,8948.5
2019-05-28T18:23:27.260Z,8755.5,8756,8948,8948.5
2019-05-28T18:23:27.863Z,8755.5,8756,8948,8948.5
2019-05-28T18:23:28.427Z,8755.5,8756,8948,8948.5
2019-05-28T18:23:29.384Z,8755,8755.5,8946,8946.5
2019-05-28T18:23:30.910Z,8755,8755.5,8946,8946.5
2019-05-28T18:23:32.147Z,8755,8755.5,8946,8946.5
2019-05-28T18:23:32.147Z,8755,8755.5,8946,8946.5
2019-05-28T18:23:32.147Z,8755,8755.5,8946,8946.5
2019-05-28T18:23:33.655Z,8754.5,8755,8946,8946.5
2019-05-28T18:23:35.691Z,8754.5,8755,8946,8946.5
2019-05-28T18:23:35.691Z,8754.5,8755,8946,8946.5
2019-05-28T18:23:35.691Z,8754.5,8755,8946,8946.5
2019-05-28T18:23:35.691Z,8754.5,8755,8946,8946.5
2019-05-28T18:23:40.777Z,8754.5,8755,8946,8946.5
2019-05-28T18:23:41.635Z,8754.5,8755,8946,8946.5
2019-05-28T18:23:42.110Z,8754.5,8755,8946,8946.5
2019-05-28T18:23:42.722Z,8754.5,8755,8946,8946.5
2019-05-28T18:23:42.722Z,8754.5,8755,8946,8946.5
2019-05-28T18:23:45.634Z,8736.5,8737,8938,8946
2019-05-28T18:23:45.758Z,8736.5,8737,8938,8946
2019-05-28T18:23:46.997Z,8736.5,8737,8938,8946
2019-05-28T18:23:46.997Z,8736.5,8737,8938,8946
2019-05-28T18:23:46.997Z,8736.5,8737,8938,8946
2019-05-28T18:23:47.783Z,8736.5,8737,8938,8946
2019-05-28T18:23:49.110Z,8745,8745.5,8932,8936.5
2019-05-28T18:23:52.070Z,8745,8745.5,8932,8936.5
2019-05-28T18:23:52.922Z,8745,8745.5,8932,8936.5
2019-05-28T18:23:52.922Z,8745,8745.5,8932,8936.5
2019-05-28T18:23:52.922Z,8745,8745.5,8932,8936.5
2019-05-28T18:23:54.858Z,8746.5,8747,8936.5,8937
2019-05-28T18:23:55.000Z,8746.5,8747,8936.5,8937
2019-05-28T18:23:58.234Z,8746.5,8747,8936.5,8937
2019-05-28T18:23:58.413Z,8746.5,8747,8937,8937.5
2019-05-28T18:23:59.997Z,8746.5,8747,8937,8937.5
2019-05-28T18:23:59.997Z,8746.5,8747,8937,8937.5
2019-05-28T18:23:59.997Z,8746.5,8747,8937,8937.5
2019-05-28T18:24:02.957Z,8746.5,8747,8937,8937.5
2019-05-28T18:24:05.386Z,8746.5,8747,8937,8937.5
2019-05-28T18:24:05.386Z,8746.5,8747,8937,8937.5
2019-05-28T18:24:06.778Z,8746.5,8747,8937,8937.5
2019-05-28T18:24:06.778Z,8746.5,8747,8937,8937.5
2019-05-28T18:24:08.425Z,8746.5,8747,8937,8937.5
2019-05-28T18:24:08.626Z,8746.5,8747,8937,8937.5
2019-05-28T18:24:11.713Z,8745,8745.5,8937,8937.5
2019-05-28T18:24:11.713Z,8745,8745.5,8937,8937.5
2019-05-28T18:24:11.713Z,8745,8745.5,8937,8937.5
2019-05-28T18:24:14.269Z,8738.5,8739,8928.5,8935
2019-05-28T18:24:15.823Z,8738.5,8739,8928.5,8935
2019-05-28T18:24:16.748Z,8738.5,8739,8928.5,8935
2019-05-28T18:24:17.937Z,8738.5,8739,8928.5,8935
2019-05-28T18:24:17.937Z,8738.5,8739,8928.5,8935
2019-05-28T18:24:17.937Z,8738.5,8739,8928.5,8935
2019-05-28T18:24:20.908Z,8738,8738.5,8931.5,8932
2019-05-28T18:24:21.751Z,8738,8738.5,8931.5,8932
2019-05-28T18:24:23.029Z,8738,8738.5,8931.5,8932
2019-05-28T18:24:23.131Z,8738,8738.5,8931.5,8932
2019-05-28T18:24:25.064Z,8736,8736.5,8929.5,8930.5
2019-05-28T18:24:25.695Z,8736,8736.5,8929.5,8930.5
2019-05-28T18:24:27.071Z,8736,8736.5,8929.5,8930.5
2019-05-28T18:24:27.891Z,8736,8736.5,8929.5,8930.5
2019-05-28T18:24:28.234Z,8736,8736.5,8929.5,8930.5
2019-05-28T18:24:30.786Z,8733,8733.5,8930,8930.5
2019-05-28T18:24:30.952Z,8733,8733.5,8930,8930.5
2019-05-28T18:24:31.984Z,8733,8733.5,8930,8930.5
2019-05-28T18:24:31.984Z,8733,8733.5,8930,8930.5
2019-05-28T18:24:34.879Z,8733,8733.5,8926.5,8927
2019-05-28T18:24:34.879Z,8733,8733.5,8926.5,8927
2019-05-28T18:24:35.978Z,8733,8733.5,8926.5,8927
2019-05-28T18:24:37.073Z,8733,8733.5,8926.5,8927
2019-05-28T18:24:37.947Z,8733,8733.5,8926.5,8927
2019-05-28T18:24:37.947Z,8733,8733.5,8926.5,8927
2019-05-28T18:24:40.872Z,8730,8730.5,8924,8925
2019-05-28T18:24:41.574Z,8730,8730.5,8924,8925
2019-05-28T18:24:42.651Z,8730,8730.5,8924,8925
2019-05-28T18:24:42.651Z,8730,8730.5,8925,8926
2019-05-28T18:24:45.328Z,8730,8730.5,8925,8926
2019-05-28T18:24:45.328Z,8730,8730.5,8925,8926
2019-05-28T18:24:46.669Z,8730,8730.5,8925,8926
2019-05-28T18:24:47.379Z,8730,8730.5,8925,8926
2019-05-28T18:24:47.927Z,8730,8730.5,8925,8926
2019-05-28T18:24:49.715Z,8730,8730.5,8923.5,8924.5
2019-05-28T18:24:50.966Z,8730,8730.5,8923.5,8924.5
2019-05-28T18:24:50.966Z,8730,8730.5,8923.5,8924.5
2019-05-28T18:24:50.966Z,8730,8730.5,8923.5,8924.5
2019-05-28T18:24:53.220Z,8730,8730.5,8923.5,8924.5
2019-05-28T18:24:53.220Z,8730,8730.5,8923.5,8924.5
2019-05-28T18:24:55.007Z,8730,8730.5,8923.5,8924
2019-05-28T18:24:56.928Z,8730,8730.5,8923.5,8924
2019-05-28T18:24:56.928Z,8730,8730.5,8923.5,8924
2019-05-28T18:24:56.928Z,8730,8730.5,8923.5,8924
2019-05-28T18:24:56.928Z,8730,8730.5,8923.5,8924
2019-05-28T18:24:59.981Z,8729.5,8730,8916,8917
2019-05-28T18:25:00.000Z,8729.5,8730,8916,8917
2019-05-28T18:25:00.000Z,8729.5,8730,8916,8917
2019-05-28T18:25:02.771Z,8729.5,8730,8916,8917
2019-05-28T18:25:03.590Z,8729.5,8730,8916,8917
2019-05-28T18:25:03.590Z,8729.5,8730,8916,8917
2019-05-28T18:25:03.590Z,8729.5,8730,8916,8917
2019-05-28T18:25:04.845Z,8729.5,8730,8916,8917
2019-05-28T18:25:07.492Z,8727.5,8728.5,8914.5,8916
2019-05-28T18:25:07.815Z,8727.5,8728.5,8914.5,8916
2019-05-28T18:25:08.343Z,8727.5,8728.5,8914.5,8916
2019-05-28T18:25:09.131Z,8720.5,8721,8909.5,8915
2019-05-28T18:25:12.265Z,8720.5,8721,8909.5,8915
2019-05-28T18:25:13.138Z,8720.5,8721,8909.5,8915
2019-05-28T18:25:13.325Z,8720.5,8721,8909.5,8915
2019-05-28T18:25:15.611Z,8718,8718.5,8909,8909.5
2019-05-28T18:25:17.392Z,8718,8718.5,8909,8909.5
2019-05-28T18:25:17.935Z,8718,8718.5,8909,8909.5
2019-05-28T18:25:17.935Z,8718,8718.5,8909,8909.5
2019-05-28T18:25:20.995Z,8718,8718.5,8909,8910.5
2019-05-28T18:25:22.338Z,8718,8718.5,8909,8910.5
2019-05-28T18:25:22.792Z,8718,8718.5,8909,8910.5
2019-05-28T18:25:23.116Z,8718,8718.5,8909,8910.5
2019-05-28T18:25:23.410Z,8718,8718.5,8909,8910.5
2019-05-28T18:25:25.856Z,8729.5,8730,8910,8910.5
2019-05-28T18:25:26.891Z,8729.5,8730,8910,8910.5
2019-05-28T18:25:28.875Z,8729.5,8730,8910,8910.5
2019-05-28T18:25:29.552Z,8730.5,8731,8915,8915.5
2019-05-28T18:25:29.552Z,8730.5,8731,8915,8915.5
2019-05-28T18:25:30.943Z,8730.5,8731,8915,8915.5
2019-05-28T18:25:32.619Z,8730.5,8731,8915,8915.5
2019-05-28T18:25:32.957Z,8730.5,8731,8915,8915.5
2019-05-28T18:25:32.957Z,8730.5,8731,8915,8915.5
2019-05-28T18:25:32.957Z,8730.5,8731,8915,8915.5
2019-05-28T18:25:34.912Z,8730.5,8731,8919,8920.5
2019-05-28T18:25:37.673Z,8730.5,8731,8919,8920.5
2019-05-28T18:25:38.094Z,8730.5,8731,8919,8920.5
2019-05-28T18:25:38.178Z,8730.5,8731,8919,8920.5
2019-05-28T18:25:40.603Z,8730.5,8731,8923.5,8924.5
2019-05-28T18:25:41.911Z,8730.5,8731,8923.5,8924.5
2019-05-28T18:25:42.780Z,8730.5,8731,8923.5,8924.5
2019-05-28T18:25:42.780Z,8730.5,8731,8923.5,8924.5
2019-05-28T18:25:42.780Z,8730.5,8731,8923.5,8924.5
2019-05-28T18:25:45.975Z,8730.5,8731,8923.5,8924
2019-05-28T18:25:46.657Z,8730.5,8731,8923.5,8924
2019-05-28T18:25:47.429Z,8730.5,8731,8923.5,8924
2019-05-28T18:25:47.429Z,8730.5,8731,8923.5,8924
2019-05-28T18:25:47.429Z,8730.5,8731,8923.5,8924
2019-05-28T18:25:50.957Z,8730.5,8731,8925.5,8926.5
2019-05-28T18:25:50.957Z,8730.5,8731,8925.5,8926.5
2019-05-28T18:25:50.957Z,8730.5,8731,8925.5,8926.5
2019-05-28T18:25:54.044Z,8730.5,8731,8925,8925.5
2019-05-28T18:25:55.517Z,8730.5,8731,8925,8925.5
2019-05-28T18:25:55.978Z,8730.5,8731,8925,8925.5
2019-05-28T18:25:57.488Z,8730.5,8731,8925,8925.5
2019-05-28T18:25:57.488Z,8730.5,8731,8925,8925.5
2019-05-28T18:25:59.571Z,8730.5,8731,8925,8925.5
2019-05-28T18:25:59.956Z,8730.5,8731,8925,8925.5
2019-05-28T18:25:59.956Z,8730.5,8731,8925,8925.5
2019-05-28T18:26:00.000Z,8730.5,8731,8925,8925.5
2019-05-28T18:26:02.413Z,8730.5,8731,8925,8925.5
2019-05-28T18:26:03.341Z,8730.5,8731,8925,8925.5
2019-05-28T18:26:03.341Z,8730.5,8731,8925,8925.5
2019-05-28T18:26:05.048Z,8730.5,8731,8923.5,8925.5
2019-05-28T18:26:07.026Z,8730.5,8731,8923.5,8925.5
2019-05-28T18:26:07.026Z,8730.5,8731,8923.5,8925.5
2019-05-28T18:26:08.629Z,8730.5,8731,8923.5,8925.5
2019-05-28T18:26:09.322Z,8729.5,8730,8921,8923.5
2019-05-28T18:26:10.456Z,8729.5,8730,8921,8923.5
2019-05-28T18:26:12.530Z,8729.5,8730,8921,8923.5
2019-05-28T18:26:13.374Z,8729.5,8730,8921,8923.5
2019-05-28T18:26:14.301Z,8726,8726.5,8921,8921.5
2019-05-28T18:26:15.422Z,8726,8726.5,8921,8921.5
2019-05-28T18:26:17.501Z,8726,8726.5,8921,8921.5
2019-05-28T18:26:17.501Z,8726,8726.5,8921,8921.5
2019-05-28T18:26:18.290Z,8726,8726.5,8921,8921.5
2019-05-28T18:26:18.290Z,8726,8726.5,8921,8921.5
2019-05-28T18:26:20.531Z,8726,8726.5,8920.5,8921
2019-05-28T18:26:22.126Z,8726,8726.5,8920.5,8921
2019-05-28T18:26:22.126Z,8726,8726.5,8920.5,8921
2019-05-28T18:26:22.126Z,8726,8726.5,8920.5,8921
2019-05-28T18:26:23.885Z,8726,8726.5,8920.5,8921
2019-05-28T18:26:27.291Z,8726,8726.5,8920.5,8921
2019-05-28T18:26:27.612Z,8726,8726.5,8920.5,8921
2019-05-28T18:26:27.852Z,8726,8726.5,8920.5,8921
2019-05-28T18:26:28.728Z,8726,8726.5,8920.5,8921
2019-05-28T18:26:29.942Z,8726,8726.5,8920.5,8921
2019-05-28T18:26:31.773Z,8726,8726.5,8920.5,8921
2019-05-28T18:26:31.773Z,8726,8726.5,8920.5,8921
2019-05-28T18:26:32.990Z,8726,8726.5,8920.5,8921
2019-05-28T18:26:33.736Z,8726,8726.5,8920.5,8921
2019-05-28T18:26:35.398Z,8726,8726.5,8920.5,8921
2019-05-28T18:26:36.697Z,8726,8726.5,8920.5,8921
2019-05-28T18:26:37.399Z,8726,8726.5,8920.5,8921
2019-05-28T18:26:37.645Z,8726,8726.5,8920.5,8921
2019-05-28T18:26:37.945Z,8726,8726.5,8920.5,8921
2019-05-28T18:26:39.863Z,8729.5,8730,8920.5,8921
2019-05-28T18:26:41.734Z,8729.5,8730,8920.5,8921
2019-05-28T18:26:41.734Z,8729.5,8730,8920.5,8921
2019-05-28T18:26:43.007Z,8729.5,8730,8920.5,8921
2019-05-28T18:26:43.007Z,8729.5,8730,8920.5,8921
2019-05-28T18:26:45.081Z,8730,8730.5,8920.5,8921
2019-05-28T18:26:45.081Z,8730,8730.5,8920.5,8921
2019-05-28T18:26:47.841Z,8730,8730.5,8920.5,8921
2019-05-28T18:26:47.841Z,8730,8730.5,8920.5,8921
2019-05-28T18:26:49.110Z,8730,8730.5,8920.5,8921
2019-05-28T18:26:50.815Z,8730,8730.5,8924,8924.5
2019-05-28T18:26:51.943Z,8730,8730.5,8924,8924.5
2019-05-28T18:26:52.934Z,8730,8730.5,8924,8924.5
2019-05-28T18:26:53.454Z,8730,8730.5,8924,8924.5
2019-05-28T18:26:53.809Z,8730,8730.5,8924,8924.5
2019-05-28T18:26:55.760Z,8731,8731.5,8924.5,8925
2019-05-28T18:26:57.579Z,8731,8731.5,8924.5,8925
2019-05-28T18:26:58.090Z,8731,8731.5,8924.5,8925
2019-05-28T18:26:58.501Z,8731,8731.5,8924.5,8925
2019-05-28T18:26:59.120Z,8731,8731.5,8924.5,8925.5
2019-05-28T18:27:00.977Z,8731,8731.5,8924.5,8925.5
2019-05-28T18:27:00.977Z,8731,8731.5,8924.5,8925.5
2019-05-28T18:27:03.230Z,8731,8731.5,8924.5,8925.5
2019-05-28T18:27:03.938Z,8731,8731.5,8924.5,8925.5
2019-05-28T18:27:05.622Z,8731,8731.5,8925,8925.5
2019-05-28T18:27:05.947Z,8731,8731.5,8925,8925.5
2019-05-28T18:27:07.955Z,8731,8731.5,8925,8925.5
2019-05-28T18:27:08.301Z,8731,8731.5,8925,8925.5
2019-05-28T18:27:08.584Z,8731,8731.5,8925,8925.5
2019-05-28T18:27:08.818Z,8731,8731.5,8925,8925.5
2019-05-28T18:27:11.850Z,8731,8731.5,8925,8925.5
2019-05-28T18:27:13.061Z,8731,8731.5,8925,8925.5
2019-05-28T18:27:13.061Z,8731,8731.5,8925,8925.5
2019-05-28T18:27:14.941Z,8731,8731.5,8925,8925.5
2019-05-28T18:27:15.940Z,8731,8731.5,8925,8925.5
2019-05-28T18:27:17.403Z,8731,8731.5,8925,8925.5
2019-05-28T18:27:17.403Z,8731,8731.5,8925,8925.5
2019-05-28T18:27:18.412Z,8731,8731.5,8925,8925.5
2019-05-28T18:27:19.604Z,8731,8731.5,8925,8925.5
2019-05-28T18:27:21.620Z,8731,8731.5,8925,8925.5
2019-05-28T18:27:21.620Z,8731,8731.5,8925,8925.5
2019-05-28T18:27:21.620Z,8731,8731.5,8925,8925.5
2019-05-28T18:27:21.620Z,8731,8731.5,8925,8925.5
2019-05-28T18:27:25.000Z,8731,8731.5,8925,8925.5
2019-05-28T18:27:26.932Z,8731,8731.5,8925,8925.5
2019-05-28T18:27:26.932Z,8731,8731.5,8925,8925.5
2019-05-28T18:27:26.932Z,8731,8731.5,8925,8925.5
2019-05-28T18:27:29.070Z,8731,8731.5,8928.5,8929
2019-05-28T18:27:29.875Z,8731,8731.5,8928.5,8929
2019-05-28T18:27:30.707Z,8731,8731.5,8928.5,8929
2019-05-28T18:27:30.707Z,8731,8731.5,8928.5,8929
2019-05-28T18:27:30.707Z,8731,8731.5,8928.5,8929
2019-05-28T18:27:30.707Z,8731,8731.5,8928.5,8929
2019-05-28T18:27:35.000Z,8731,8731.5,8928.5,8929
2019-05-28T18:27:37.511Z,8731,8731.5,8928.5,8929
2019-05-28T18:27:37.511Z,8731,8731.5,8928.5,8929
2019-05-28T18:27:37.511Z,8731,8731.5,8928.5,8929
2019-05-28T18:27:38.795Z,8731,8731.5,8928.5,8929
2019-05-28T18:27:40.981Z,8731,8731.5,8928.5,8929
2019-05-28T18:27:42.150Z,8731,8731.5,8928.5,8929
2019-05-28T18:27:43.059Z,8731,8731.5,8928.5,8929
2019-05-28T18:27:43.059Z,8731,8731.5,8928.5,8929
2019-05-28T18:27:43.059Z,8731,8731.5,8928.5,8929
2019-05-28T18:27:45.704Z,8731.5,8732,8928.5,8929
2019-05-28T18:27:45.704Z,8731.5,8732,8928.5,8929
2019-05-28T18:27:45.704Z,8731.5,8732,8928.5,8929
2019-05-28T18:27:48.031Z,8731.5,8732,8928.5,8929
2019-05-28T18:27:49.865Z,8739.5,8740,8928.5,8929
2019-05-28T18:27:50.000Z,8739.5,8740,8928.5,8929
2019-05-28T18:27:50.000Z,8739.5,8740,8928.5,8929
2019-05-28T18:27:52.951Z,8739.5,8740,8928.5,8929
2019-05-28T18:27:53.458Z,8739.5,8740,8928.5,8929
2019-05-28T18:27:53.695Z,8739.5,8740,8928.5,8929
2019-05-28T18:27:55.941Z,8739.5,8740,8928.5,8929
2019-05-28T18:27:55.941Z,8739.5,8740,8928.5,8929
2019-05-28T18:27:55.941Z,8739.5,8740,8928.5,8929
2019-05-28T18:27:59.179Z,8739.5,8740,8928.5,8929
2019-05-28T18:27:59.179Z,8739.5,8740,8928.5,8929
2019-05-28T18:28:01.590Z,8739.5,8740,8928.5,8929
2019-05-28T18:28:01.590Z,8739.5,8740,8928.5,8929
2019-05-28T18:28:01.590Z,8739.5,8740,8928.5,8929
2019-05-28T18:28:02.485Z,8739.5,8740,8934,8934.5
2019-05-28T18:28:02.485Z,8739.5,8740,8934,8934.5
2019-05-28T18:28:06.630Z,8739.5,8740,8934,8934.5
2019-05-28T18:28:06.630Z,8739.5,8740,8934,8934.5
2019-05-28T18:28:06.630Z,8739.5,8740,8934,8934.5
2019-05-28T18:28:06.630Z,8739.5,8740,8934,8934.5
2019-05-28T18:28:10.059Z,8739.5,8740,8934,8934.5
2019-05-28T18:28:11.262Z,8739.5,8740,8934,8934.5
2019-05-28T18:28:12.724Z,8739.5,8740,8934,8934.5
2019-05-28T18:28:14.384Z,8739.5,8740,8934,8934.5
2019-05-28T18:28:15.573Z,8739.5,8740,8934,8934.5
2019-05-28T18:28:17.054Z,8739.5,8740,8934,8934.5
2019-05-28T18:28:17.054Z,8739.5,8740,8934,8934.5
2019-05-28T18:28:17.054Z,8739.5,8740,8934,8934.5
2019-05-28T18:28:17.054Z,8739.5,8740,8934,8934.5
2019-05-28T18:28:20.566Z,8739.5,8740,8934,8934.5
2019-05-28T18:28:20.566Z,8739.5,8740,8934,8934.5
2019-05-28T18:28:20.566Z,8739.5,8740,8934,8934.5
2019-05-28T18:28:20.566Z,8739.5,8740,8934,8934.5
2019-05-28T18:28:23.456Z,8739.5,8740,8931.5,8932
2019-05-28T18:28:25.694Z,8739.5,8740,8931.5,8932
2019-05-28T18:28:25.694Z,8739.5,8740,8931.5,8932
2019-05-28T18:28:27.870Z,8739.5,8740,8931.5,8932
2019-05-28T18:28:28.280Z,8739.5,8740,8931.5,8932
2019-05-28T18:28:29.494Z,8739.5,8740,8931.5,8932
2019-05-28T18:28:30.578Z,8739.5,8740,8931.5,8932
2019-05-28T18:28:30.578Z,8739.5,8740,8931.5,8932
2019-05-28T18:28:30.578Z,8739.5,8740,8931.5,8932
2019-05-28T18:28:30.578Z,8739.5,8740,8931.5,8932
2019-05-28T18:28:30.578Z,8739.5,8740,8931.5,8932
2019-05-28T18:28:35.218Z,8739.5,8740,8930.5,8931.5
2019-05-28T18:28:35.218Z,8739.5,8740,8930.5,8931.5
2019-05-28T18:28:35.218Z,8739.5,8740,8930.5,8931.5
2019-05-28T18:28:38.725Z,8739.5,8740,8930.5,8931
2019-05-28T18:28:38.725Z,8739.5,8740,8930.5,8931
2019-05-28T18:28:40.000Z,8739.5,8740,8930.5,8931
2019-05-28T18:28:40.000Z,8739.5,8740,8930.5,8931
2019-05-28T18:28:43.294Z,8739.5,8740,8930.5,8931
2019-05-28T18:28:44.832Z,8739.5,8740,8930.5,8931
2019-05-28T18:28:44.832Z,8739.5,8740,8930.5,8931
2019-05-28T18:28:45.000Z,8739.5,8740,8930.5,8931
2019-05-28T18:28:45.000Z,8739.5,8740,8930.5,8931
2019-05-28T18:28:45.000Z,8739.5,8740,8930.5,8931
2019-05-28T18:28:50.150Z,8739.5,8740,8930.5,8931
2019-05-28T18:28:50.150Z,8739.5,8740,8930.5,8931
2019-05-28T18:28:50.150Z,8739.5,8740,8930.5,8931
2019-05-28T18:28:50.150Z,8739.5,8740,8930.5,8931
2019-05-28T18:28:50.150Z,8739.5,8740,8930.5,8931
2019-05-28T18:28:54.128Z,8739.5,8740,8930.5,8931
2019-05-28T18:28:54.128Z,8739.5,8740,8930.5,8931
2019-05-28T18:28:56.840Z,8739.5,8740,8930.5,8931
2019-05-28T18:28:56.840Z,8739.5,8740,8930.5,8931
2019-05-28T18:28:58.329Z,8739.5,8740,8930.5,8931
2019-05-28T18:28:58.329Z,8739.5,8740,8930.5,8931
2019-05-28T18:28:59.863Z,8739.5,8740,8930.5,8931
2019-05-28T18:29:00.000Z,8739.5,8740,8930.5,8931
2019-05-28T18:29:00.000Z,8739.5,8740,8930.5,8931
2019-05-28T18:29:00.000Z,8739.5,8740,8930.5,8931
2019-05-28T18:29:03.669Z,8739.5,8740,8930.5,8931
2019-05-28T18:29:04.573Z,8739.5,8740,8930.5,8931
2019-05-28T18:29:07.551Z,8739.5,8740,8930.5,8931
2019-05-28T18:29:07.551Z,8739.5,8740,8930.5,8931
2019-05-28T18:29:07.551Z,8739.5,8740,8930.5,8931
2019-05-28T18:29:07.551Z,8739.5,8740,8930.5,8931
2019-05-28T18:29:10.330Z,8739.5,8740,8930.5,8931
2019-05-28T18:29:10.330Z,8739.5,8740,8930.5,8931
2019-05-28T18:29:10.330Z,8739.5,8740,8930.5,8931
2019-05-28T18:29:13.368Z,8739.5,8740,8930.5,8931
2019-05-28T18:29:14.300Z,8739.5,8740,8930.5,8931
2019-05-28T18:29:15.891Z,8739.5,8740,8930.5,8931
2019-05-28T18:29:17.446Z,8739.5,8740,8930.5,8931
2019-05-28T18:29:17.446Z,8739.5,8740,8930.5,8931
2019-05-28T18:29:19.254Z,8739.5,8740,8930.5,8931
2019-05-28T18:29:21.424Z,8739.5,8740,8930.5,8931
2019-05-28T18:29:21.424Z,8739.5,8740,8930.5,8931
2019-05-28T18:29:23.524Z,8739.5,8740,8930.5,8931
2019-05-28T18:29:24.649Z,8739.5,8740,8930.5,8931
2019-05-28T18:29:24.649Z,8739.5,8740,8930.5,8931
2019-05-28T18:29:25.371Z,8739.5,8740,8930.5,8931
2019-05-28T18:29:27.178Z,8739.5,8740,8930.5,8931
2019-05-28T18:29:27.178Z,8739.5,8740,8930.5,8931
2019-05-28T18:29:27.178Z,8739.5,8740,8930.5,8931
2019-05-28T18:29:27.178Z,8739.5,8740,8930.5,8931
2019-05-28T18:29:27.178Z,8739.5,8740,8930.5,8931
2019-05-28T18:29:30.000Z,8739.5,8740,8930.5,8931
2019-05-28T18:29:30.000Z,8739.5,8740,8930.5,8931
2019-05-28T18:29:30.000Z,8739.5,8740,8930.5,8931
2019-05-28T18:29:34.223Z,8739.5,8740,8930.5,8931
2019-05-28T18:29:35.000Z,8739.5,8740,8930.5,8931
2019-05-28T18:29:35.000Z,8739.5,8740,8930.5,8931
2019-05-28T18:29:35.000Z,8739.5,8740,8930.5,8931
2019-05-28T18:29:35.000Z,8739.5,8740,8930.5,8931
2019-05-28T18:29:37.949Z,8739.5,8740,8930.5,8931
2019-05-28T18:29:41.720Z,8739.5,8740,8930.5,8931
2019-05-28T18:29:41.720Z,8739.5,8740,8930.5,8931
2019-05-28T18:29:41.720Z,8739.5,8740,8930.5,8931
2019-05-28T18:29:44.840Z,8739.5,8740,8930.5,8931
2019-05-28T18:29:44.840Z,8739.5,8740,8930.5,8931
2019-05-28T18:29:45.106Z,8739.5,8740,8930.5,8931
2019-05-28T18:29:45.106Z,8739.5,8740,8930.5,8931
2019-05-28T18:29:45.106Z,8739.5,8740,8930.5,8931
2019-05-28T18:29:48.920Z,8739.5,8740,8930.5,8931
2019-05-28T18:29:50.336Z,8739.5,8740,8930.5,8931
2019-05-28T18:29:52.205Z,8739.5,8740,8930.5,8931
2019-05-28T18:29:52.205Z,8739.5,8740,8930.5,8931
2019-05-28T18:29:52.205Z,8739.5,8740,8930.5,8931
2019-05-28T18:29:52.205Z,8739.5,8740,8930.5,8931
2019-05-28T18:29:55.000Z,8739.5,8740,8930.5,8931
2019-05-28T18:29:56.646Z,8739.5,8740,8930.5,8931
2019-05-28T18:29:56.646Z,8739.5,8740,8930.5,8931
2019-05-28T18:29:56.646Z,8739.5,8740,8930.5,8931
2019-05-28T18:29:59.996Z,8739.5,8740,8930.5,8931
2019-05-28T18:30:00.000Z,8739.5,8740,8930.5,8931
2019-05-28T18:30:00.000Z,8739.5,8740,8930.5,8931
2019-05-28T18:30:02.261Z,8739.5,8740,8930.5,8931
2019-05-28T18:30:03.314Z,8739.5,8740,8930.5,8931
2019-05-28T18:30:03.314Z,8739.5,8740,8930.5,8931
2019-05-28T18:30:05.639Z,8739.5,8740,8930.5,8931
2019-05-28T18:30:05.639Z,8739.5,8740,8930.5,8931
2019-05-28T18:30:05.639Z,8739.5,8740,8930.5,8931
2019-05-28T18:30:09.531Z,8739.5,8740,8930.5,8931
2019-05-28T18:30:10.821Z,8739.5,8740,8930.5,8931
2019-05-28T18:30:10.821Z,8739.5,8740,8930.5,8931
2019-05-28T18:30:10.821Z,8739.5,8740,8930.5,8931
2019-05-28T18:30:10.821Z,8739.5,8740,8930.5,8931
2019-05-28T18:30:13.500Z,8739.5,8740,8930.5,8931
2019-05-28T18:30:13.500Z,8739.5,8740,8930.5,8931
2019-05-28T18:30:15.000Z,8743,8743.5,8934.5,8935
2019-05-28T18:30:17.530Z,8743,8743.5,8934.5,8935
2019-05-28T18:30:18.158Z,8743,8743.5,8934.5,8935
2019-05-28T18:30:18.662Z,8743,8743.5,8934.5,8935
2019-05-28T18:30:18.662Z,8744.5,8745,8934.5,8935
2019-05-28T18:30:22.425Z,8744.5,8745,8934.5,8935
2019-05-28T18:30:22.425Z,8744.5,8745,8934.5,8935
2019-05-28T18:30:23.444Z,8744.5,8745,8934.5,8935
2019-05-28T18:30:23.444Z,8744.5,8745,8934.5,8935
2019-05-28T18:30:26.820Z,8744.5,8745,8934.5,8935
2019-05-28T18:30:27.000Z,8744.5,8745,8934.5,8935
2019-05-28T18:30:28.768Z,8744.5,8745,8934.5,8935
2019-05-28T18:30:28.768Z,8744.5,8745,8936.5,8937
2019-05-28T18:30:29.675Z,8744.5,8745,8936.5,8937
2019-05-28T18:30:30.722Z,8744.5,8745,8936.5,8937
2019-05-28T18:30:30.722Z,8744.5,8745,8936.5,8937
2019-05-28T18:30:30.722Z,8744.5,8745,8936.5,8937
2019-05-28T18:30:30.722Z,8744.5,8745,8936.5,8937
2019-05-28T18:30:33.420Z,8744.5,8745,8936.5,8937
2019-05-28T18:30:35.784Z,8744.5,8745,8936.5,8937
2019-05-28T18:30:35.784Z,8744.5,8745,8936.5,8937
2019-05-28T18:30:38.316Z,8744.5,8745,8936.5,8937
2019-05-28T18:30:38.316Z,8744.5,8745,8936.5,8937
2019-05-28T18:30:38.316Z,8744.5,8745,8936.5,8937
2019-05-28T18:30:39.536Z,8744.5,8745,8936.5,8937
2019-05-28T18:30:40.000Z,8744.5,8745,8936.5,8937
2019-05-28T18:30:40.000Z,8744.5,8745,8936.5,8937
2019-05-28T18:30:44.638Z,8744.5,8745,8936.5,8937
2019-05-28T18:30:44.638Z,8744.5,8745,8936.5,8937
2019-05-28T18:30:44.638Z,8744.5,8745,8936.5,8937
2019-05-28T18:30:45.000Z,8744.5,8745,8936.5,8937
2019-05-28T18:30:48.774Z,8744.5,8745,8936.5,8937
2019-05-28T18:30:48.774Z,8744.5,8745,8936.5,8937
2019-05-28T18:30:49.967Z,8744.5,8745,8936.5,8937
2019-05-28T18:30:51.633Z,8744.5,8745,8936.5,8937
2019-05-28T18:30:51.633Z,8744.5,8745,8936.5,8937
2019-05-28T18:30:51.633Z,8744.5,8745,8936.5,8937
2019-05-28T18:30:51.633Z,8744.5,8745,8936.5,8937
2019-05-28T18:30:55.000Z,8744.5,8745,8936.5,8937
2019-05-28T18:30:57.358Z,8744.5,8745,8936.5,8937
2019-05-28T18:30:57.358Z,8744.5,8745,8936.5,8937
2019-05-28T18:30:58.000Z,8744.5,8745,8936.5,8937
2019-05-28T18:30:58.000Z,8744.5,8745,8936.5,8937
2019-05-28T18:30:58.526Z,8744.5,8745,8936.5,8937
2019-05-28T18:31:00.000Z,8744.5,8745,8936.5,8937
2019-05-28T18:31:03.253Z,8744.5,8745,8936.5,8937
2019-05-28T18:31:03.253Z,8744.5,8745,8936.5,8937
2019-05-28T18:31:03.253Z,8744.5,8745,8936.5,8937
2019-05-28T18:31:03.253Z,8744.5,8745,8936.5,8937
2019-05-28T18:31:07.256Z,8744.5,8745,8936.5,8937
2019-05-28T18:31:07.256Z,8744.5,8745,8936.5,8937
2019-05-28T18:31:07.256Z,8744.5,8745,8936.5,8937
2019-05-28T18:31:09.414Z,8744.5,8745,8936.5,8937
2019-05-28T18:31:11.532Z,8744.5,8745,8936.5,8937
2019-05-28T18:31:11.532Z,8744.5,8745,8936.5,8937
2019-05-28T18:31:11.532Z,8744.5,8745,8936.5,8937
2019-05-28T18:31:11.532Z,8744.5,8745,8936.5,8937
2019-05-28T18:31:11.532Z,8744.5,8745,8936.5,8937
2019-05-28T18:31:16.890Z,8744.5,8745,8938,8938.5
2019-05-28T18:31:16.890Z,8744.5,8745,8938,8938.5
2019-05-28T18:31:16.890Z,8744.5,8745,8938,8938.5
2019-05-28T18:31:16.890Z,8744.5,8745,8938,8938.5
2019-05-28T18:31:16.890Z,8744.5,8745,8938,8938.5
2019-05-28T18:31:20.778Z,8748,8748.5,8938,8938.5
2019-05-28T18:31:23.002Z,8748,8748.5,8938,8938.5
2019-05-28T18:31:23.002Z,8748,8748.5,8938,8938.5
2019-05-28T18:31:25.169Z,8749,8749.5,8938.5,8940
2019-05-28T18:31:26.877Z,8749,8749.5,8938.5,8940
2019-05-28T18:31:26.877Z,8749,8749.5,8938.5,8940
2019-05-28T18:31:26.877Z,8749,8749.5,8938.5,8940
2019-05-28T18:31:28.281Z,8749,8749.5,8938.5,8940
2019-05-28T18:31:30.798Z,8749,8749.5,8939.5,8940
2019-05-28T18:31:31.890Z,8749,8749.5,8939.5,8940
2019-05-28T18:31:31.890Z,8749,8749.5,8939.5,8940
2019-05-28T18:31:33.419Z,8749,8749.5,8939.5,8940
2019-05-28T18:31:35.364Z,8749,8749.5,8939.5,8940
2019-05-28T18:31:35.364Z,8749,8749.5,8939.5,8940
2019-05-28T18:31:37.366Z,8749,8749.5,8939.5,8940
2019-05-28T18:31:37.366Z,8749,8749.5,8939.5,8940
2019-05-28T18:31:38.413Z,8749,8749.5,8939.5,8940
2019-05-28T18:31:38.413Z,8749,8749.5,8939.5,8940
2019-05-28T18:31:40.000Z,8749,8749.5,8939.5,8940
2019-05-28T18:31:41.834Z,8749,8749.5,8939.5,8940
2019-05-28T18:31:42.944Z,8749,8749.5,8939.5,8940
2019-05-28T18:31:42.944Z,8749,8749.5,8939.5,8940
2019-05-28T18:31:42.944Z,8749,8749.5,8939.5,8940
2019-05-28T18:31:45.520Z,8749,8749.5,8939.5,8940
2019-05-28T18:31:45.520Z,8749,8749.5,8939.5,8940
2019-05-28T18:31:45.520Z,8749,8749.5,8939.5,8940
2019-05-28T18:31:48.341Z,8749,8749.5,8939.5,8940
2019-05-28T18:31:48.889Z,8752,8752.5,8939.5,8940
2019-05-28T18:31:50.776Z,8752,8752.5,8939.5,8940
2019-05-28T18:31:51.674Z,8752,8752.5,8939.5,8940
2019-05-28T18:31:51.674Z,8752,8752.5,8939.5,8940
2019-05-28T18:31:51.674Z,8752,8752.5,8939.5,8940
2019-05-28T18:31:53.918Z,8752,8752.5,8939.5,8940
2019-05-28T18:31:55.000Z,8752,8752.5,8939.5,8940
2019-05-28T18:31:55.000Z,8752,8752.5,8939.5,8940
2019-05-28T18:31:58.927Z,8752,8752.5,8939.5,8940
2019-05-28T18:31:58.927Z,8752,8752.5,8939.5,8940
2019-05-28T18:31:58.927Z,8752,8752.5,8939.5,8940
2019-05-28T18:32:00.000Z,8752,8752.5,8939.5,8940
2019-05-28T18:32:00.000Z,8752,8752.5,8939.5,8940
2019-05-28T18:32:00.000Z,8752,8752.5,8939.5,8940
2019-05-28T18:32:00.000Z,8752,8752.5,8939.5,8940
2019-05-28T18:32:00.000Z,8752,8752.5,8939.5,8940
2019-05-28T18:32:06.006Z,8752,8752.5,8939.5,8940
2019-05-28T18:32:06.006Z,8752,8752.5,8939.5,8940
2019-05-28T18:32:08.097Z,8752,8752.5,8939.5,8940
2019-05-28T18:32:08.097Z,8752,8752.5,8939.5,8940
2019-05-28T18:32:09.357Z,8752,8752.5,8939.5,8940
2019-05-28T18:32:10.254Z,8752,8752.5,8939.5,8940
2019-05-28T18:32:10.254Z,8752,8752.5,8939.5,8940
2019-05-28T18:32:10.254Z,8752,8752.5,8939.5,8940
2019-05-28T18:32:12.512Z,8752,8752.5,8939.5,8940
2019-05-28T18:32:15.820Z,8752,8752.5,8939.5,8940
2019-05-28T18:32:16.927Z,8752,8752.5,8939.5,8940
2019-05-28T18:32:17.622Z,8752,8752.5,8939.5,8940
2019-05-28T18:32:17.622Z,8752,8752.5,8939.5,8940
2019-05-28T18:32:17.622Z,8752,8752.5,8939.5,8940
2019-05-28T18:32:20.956Z,8754.5,8755,8939.5,8940
2019-05-28T18:32:22.145Z,8754.5,8755,8939.5,8940
2019-05-28T18:32:22.692Z,8754.5,8755,8939.5,8940
2019-05-28T18:32:23.543Z,8754.5,8755,8939.5,8940
2019-05-28T18:32:25.000Z,8754.5,8755,8939.5,8940
2019-05-28T18:32:25.000Z,8754.5,8755,8939.5,8940
2019-05-28T18:32:25.000Z,8754.5,8755,8939.5,8940
2019-05-28T18:32:25.000Z,8754.5,8755,8939.5,8940
2019-05-28T18:32:25.000Z,8754.5,8755,8939.5,8940
2019-05-28T18:32:30.610Z,8754.5,8755,8939.5,8940
2019-05-28T18:32:32.153Z,8754.5,8755,8939.5,8940
2019-05-28T18:32:32.153Z,8754.5,8755,8939.5,8940
2019-05-28T18:32:32.153Z,8754.5,8755,8939.5,8940
2019-05-28T18:32:35.559Z,8754.5,8755,8939.5,8940
2019-05-28T18:32:35.559Z,8754.5,8755,8939.5,8940
2019-05-28T18:32:35.559Z,8754.5,8755,8939.5,8940
2019-05-28T18:32:35.559Z,8754.5,8755,8939.5,8940
2019-05-28T18:32:38.115Z,8755,8755.5,8939.5,8940
2019-05-28T18:32:38.115Z,8755,8755.5,8939.5,8940
2019-05-28T18:32:40.586Z,8755,8755.5,8939.5,8940
2019-05-28T18:32:40.586Z,8755,8755.5,8939.5,8940
2019-05-28T18:32:40.586Z,8755,8755.5,8939.5,8940
2019-05-28T18:32:43.051Z,8755,8755.5,8939.5,8940
2019-05-28T18:32:43.830Z,8755,8755.5,8939.5,8940
2019-05-28T18:32:46.010Z,8755,8755.5,8939.5,8940
2019-05-28T18:32:47.132Z,8755,8755.5,8939.5,8940
2019-05-28T18:32:47.132Z,8755,8755.5,8939.5,8940
2019-05-28T18:32:48.166Z,8755,8755.5,8939.5,8940
2019-05-28T18:32:50.949Z,8756,8756.5,8939.5,8940
2019-05-28T18:32:51.016Z,8756,8756.5,8939.5,8940
2019-05-28T18:32:51.016Z,8756,8756.5,8939.5,8940
2019-05-28T18:32:51.016Z,8756,8756.5,8939.5,8940
2019-05-28T18:32:51.016Z,8756,8756.5,8939.5,8940
2019-05-28T18:32:51.016Z,8756,8756.5,8939.5,8940
2019-05-28T18:32:55.000Z,8757,8757.5,8939.5,8940
2019-05-28T18:32:55.000Z,8757,8757.5,8939.5,8940
2019-05-28T18:32:55.000Z,8757,8757.5,8939.5,8940
2019-05-28T18:32:55.000Z,8757,8757.5,8939.5,8940
2019-05-28T18:32:59.377Z,8757,8757.5,8940.5,8941
2019-05-28T18:32:59.377Z,8757,8757.5,8940.5,8941
2019-05-28T18:33:01.950Z,8757,8757.5,8940.5,8941
2019-05-28T18:33:01.950Z,8757,8757.5,8940.5,8941
2019-05-28T18:33:04.483Z,8757,8757.5,8940.5,8941
2019-05-28T18:33:05.902Z,8757,8757.5,8940.5,8941
2019-05-28T18:33:05.902Z,8757,8757.5,8940.5,8941
2019-05-28T18:33:05.902Z,8757,8757.5,8940.5,8941
2019-05-28T18:33:05.902Z,8757,8757.5,8940.5,8941
2019-05-28T18:33:05.902Z,8757,8757.5,8940.5,8941
2019-05-28T18:33:10.000Z,8757,8757.5,8940.5,8941
2019-05-28T18:33:10.000Z,8757,8757.5,8940.5,8941
2019-05-28T18:33:10.000Z,8757,8757.5,8940.5,8941
2019-05-28T18:33:10.000Z,8757,8757.5,8940.5,8941
2019-05-28T18:33:13.692Z,8757,8757.5,8940.5,8941
2019-05-28T18:33:13.692Z,8757,8757.5,8940.5,8941
2019-05-28T18:33:13.692Z,8757,8757.5,8940.5,8941
2019-05-28T18:33:18.970Z,8757,8757.5,8940.5,8941
2019-05-28T18:33:18.970Z,8757,8757.5,8940.5,8941
2019-05-28T18:33:18.970Z,8757,8757.5,8940.5,8941
2019-05-28T18:33:18.970Z,8757,8757.5,8940.5,8941
2019-05-28T18:33:18.970Z,8757,8757.5,8940.5,8941
2019-05-28T18:33:23.605Z,8757,8757.5,8940.5,8941
2019-05-28T18:33:24.798Z,8757,8757.5,8940.5,8941
2019-05-28T18:33:25.529Z,8757,8757.5,8940.5,8941
2019-05-28T18:33:27.586Z,8757,8757.5,8940.5,8941
2019-05-28T18:33:27.586Z,8757,8757.5,8940.5,8941
2019-05-28T18:33:28.187Z,8757,8757.5,8940.5,8941
2019-05-28T18:33:30.492Z,8758.5,8759,8940.5,8941
2019-05-28T18:33:30.869Z,8758.5,8759,8940.5,8941
2019-05-28T18:33:32.513Z,8758.5,8759,8940.5,8941
2019-05-28T18:33:32.995Z,8758.5,8759,8940.5,8941
2019-05-28T18:33:33.851Z,8758.5,8759,8940.5,8941
2019-05-28T18:33:33.851Z,8758.5,8759,8940.5,8941
2019-05-28T18:33:35.000Z,8758.5,8759,8940.5,8941
2019-05-28T18:33:37.367Z,8758.5,8759,8940.5,8941
2019-05-28T18:33:37.367Z,8758.5,8759,8940.5,8941
2019-05-28T18:33:37.367Z,8758.5,8759,8940.5,8941
2019-05-28T18:33:38.789Z,8758.5,8759,8940.5,8941
2019-05-28T18:33:41.754Z,8758.5,8759,8940.5,8941
2019-05-28T18:33:41.754Z,8758.5,8759,8940.5,8941
2019-05-28T18:33:41.754Z,8758.5,8759,8940.5,8941
2019-05-28T18:33:41.754Z,8758.5,8759,8940.5,8941
2019-05-28T18:33:44.735Z,8758.5,8759,8940.5,8941
2019-05-28T18:33:46.647Z,8758.5,8759,8940.5,8941
2019-05-28T18:33:46.647Z,8758.5,8759,8940.5,8941
2019-05-28T18:33:46.647Z,8758.5,8759,8940.5,8941
2019-05-28T18:33:49.434Z,8758.5,8759,8940.5,8941
2019-05-28T18:33:50.391Z,8758.5,8759,8940.5,8941
2019-05-28T18:33:52.442Z,8758.5,8759,8940.5,8941
2019-05-28T18:33:52.442Z,8758.5,8759,8940.5,8941
2019-05-28T18:33:52.442Z,8758.5,8759,8940.5,8941
2019-05-28T18:33:53.695Z,8758.5,8759,8940.5,8941
2019-05-28T18:33:55.000Z,8758.5,8759,8940.5,8941
2019-05-28T18:33:55.000Z,8758.5,8759,8940.5,8941
2019-05-28T18:33:55.000Z,8758.5,8759,8940.5,8941
2019-05-28T18:33:55.000Z,8758.5,8759,8940.5,8941
2019-05-28T18:33:55.000Z,8758.5,8759,8940.5,8941
2019-05-28T18:33:57.519Z,8758.5,8759,8940.5,8941
2019-05-28T18:34:00.000Z,8758.5,8759,8940.5,8941
2019-05-28T18:34:00.000Z,8758.5,8759,8940.5,8941
2019-05-28T18:34:02.775Z,8758.5,8759,8940.5,8941
2019-05-28T18:34:02.775Z,8758.5,8759,8940.5,8941
2019-05-28T18:34:04.867Z,8758.5,8759,8940.5,8941
2019-05-28T18:34:07.089Z,8758.5,8759,8940.5,8941
2019-05-28T18:34:07.089Z,8758.5,8759,8940.5,8941
2019-05-28T18:34:07.089Z,8758.5,8759,8940.5,8941
2019-05-28T18:34:09.344Z,8758.5,8759,8940.5,8941
2019-05-28T18:34:10.000Z,8758.5,8759,8940.5,8941
2019-05-28T18:34:10.000Z,8758.5,8759,8940.5,8941
2019-05-28T18:34:12.879Z,8758.5,8759,8940.5,8941
2019-05-28T18:34:13.625Z,8758.5,8759,8944.5,8946
2019-05-28T18:34:15.771Z,8758.5,8759,8944.5,8946
2019-05-28T18:34:15.771Z,8758.5,8759,8944.5,8946
2019-05-28T18:34:17.905Z,8758.5,8759,8944.5,8946
2019-05-28T18:34:18.955Z,8758.5,8759,8945,8945.5
2019-05-28T18:34:18.955Z,8758.5,8759,8945,8945.5
2019-05-28T18:34:18.955Z,8758.5,8759,8945,8945.5
2019-05-28T18:34:20.000Z,8758.5,8759,8945,8945.5
2019-05-28T18:34:20.000Z,8758.5,8759,8945,8945.5
2019-05-28T18:34:20.000Z,8758.5,8759,8945,8945.5
2019-05-28T18:34:24.425Z,8758.5,8759,8945,8945.5
2019-05-28T18:34:25.601Z,8758.5,8759,8945,8945.5
2019-05-28T18:34:25.601Z,8758.5,8759,8945,8945.5
2019-05-28T18:34:25.601Z,8758.5,8759,8945,8945.5
2019-05-28T18:34:25.601Z,8758.5,8759,8945,8945.5
2019-05-28T18:34:29.977Z,8758.5,8759,8945,8945.5
2019-05-28T18:34:31.853Z,8758.5,8759,8945,8945.5
2019-05-28T18:34:31.853Z,8758.5,8759,8945,8945.5
2019-05-28T18:34:31.853Z,8758.5,8759,8945,8945.5
2019-05-28T18:34:31.853Z,8758.5,8759,8945,8945.5
2019-05-28T18:34:35.000Z,8758.5,8759,8945,8945.5
2019-05-28T18:34:35.000Z,8758.5,8759,8945,8945.5
2019-05-28T18:34:35.000Z,8758.5,8759,8945,8945.5
2019-05-28T18:34:35.000Z,8758.5,8759,8945,8945.5
2019-05-28T18:34:36.706Z,8758.5,8759,8945,8945.5
2019-05-28T18:34:40.983Z,8758.5,8759,8945,8945.5
2019-05-28T18:34:41.778Z,8758.5,8759,8945,8945.5
2019-05-28T18:34:41.778Z,8758.5,8759,8945,8945.5
2019-05-28T18:34:41.778Z,8758.5,8759,8945,8945.5
2019-05-28T18:34:43.430Z,8758,8758.5,8945,8945.5
2019-05-28T18:34:45.254Z,8758,8758.5,8945,8945.5
2019-05-28T18:34:47.391Z,8758,8758.5,8945,8945.5
2019-05-28T18:34:48.567Z,8758,8758.5,8945,8945.5
2019-05-28T18:34:49.951Z,8758,8758.5,8945,8945.5
2019-05-28T18:34:50.573Z,8758,8758.5,8945,8945.5
2019-05-28T18:34:50.573Z,8758,8758.5,8945,8945.5
2019-05-28T18:34:52.182Z,8758,8758.5,8945,8945.5
2019-05-28T18:34:53.815Z,8758,8758.5,8945,8945.5
2019-05-28T18:34:53.815Z,8758,8758.5,8945,8945.5
2019-05-28T18:34:53.815Z,8758,8758.5,8945,8945.5
2019-05-28T18:34:56.529Z,8758,8758.5,8945,8945.5
2019-05-28T18:34:56.529Z,8758,8758.5,8945,8945.5
2019-05-28T18:34:56.529Z,8758,8758.5,8945,8945.5
2019-05-28T18:34:59.394Z,8758,8758.5,8945,8945.5
2019-05-28T18:34:59.394Z,8758,8758.5,8945,8945.5
2019-05-28T18:35:00.000Z,8758,8758.5,8945,8945.5
2019-05-28T18:35:00.000Z,8758,8758.5,8945,8945.5
2019-05-28T18:35:02.788Z,8758,8758.5,8945,8945.5
2019-05-28T18:35:02.788Z,8758,8758.5,8945,8945.5
2019-05-28T18:35:02.788Z,8758,8758.5,8945,8945.5
2019-05-28T18:35:05.630Z,8758,8758.5,8945,8945.5
2019-05-28T18:35:07.549Z,8758,8758.5,8945,8945.5
2019-05-28T18:35:08.166Z,8758,8758.5,8945,8945.5
2019-05-28T18:35:08.166Z,8758,8758.5,8945,8945.5
2019-05-28T18:35:08.166Z,8758,8758.5,8945,8945.5
2019-05-28T18:35:11.586Z,8758,8758.5,8945,8945.5
2019-05-28T18:35:12.682Z,8758,8758.5,8945,8945.5
2019-05-28T18:35:12.682Z,8758,8758.5,8945,8945.5
2019-05-28T18:35:12.682Z,8758,8758.5,8945,8945.5
2019-05-28T18:35:12.682Z,8758,8758.5,8945,8945.5
2019-05-28T18:35:15.000Z,8758,8758.5,8945,8945.5
2019-05-28T18:35:17.858Z,8758,8758.5,8945,8945.5
2019-05-28T18:35:17.858Z,8758,8758.5,8945,8945.5
2019-05-28T18:35:17.858Z,8758,8758.5,8945,8945.5
2019-05-28T18:35:20.000Z,8758,8758.5,8945,8945.5
2019-05-28T18:35:22.459Z,8758,8758.5,8945,8945.5
2019-05-28T18:35:22.459Z,8758,8758.5,8945,8945.5
2019-05-28T18:35:22.459Z,8758,8758.5,8945,8945.5
2019-05-28T18:35:24.284Z,8758,8758.5,8945,8945.5
2019-05-28T18:35:25.159Z,8758,8758.5,8945,8945.5
2019-05-28T18:35:25.159Z,8758,8758.5,8945,8945.5
2019-05-28T18:35:25.159Z,8758,8758.5,8945,8945.5
2019-05-28T18:35:25.159Z,8758,8758.5,8945,8945.5
2019-05-28T18:35:30.651Z,8758,8758.5,8945,8945.5
2019-05-28T18:35:30.651Z,8758,8758.5,8945,8945.5
2019-05-28T18:35:33.260Z,8758,8758.5,8945,8945.5
2019-05-28T18:35:33.376Z,8758,8758.5,8946,8946.5
2019-05-28T18:35:33.376Z,8758,8758.5,8946,8946.5
2019-05-28T18:35:35.463Z,8758,8758.5,8946,8946.5
2019-05-28T18:35:35.463Z,8758,8758.5,8946,8946.5
2019-05-28T18:35:35.463Z,8758,8758.5,8946,8946.5
2019-05-28T18:35:35.463Z,8758,8758.5,8946,8946.5
2019-05-28T18:35:37.930Z,8758,8758.5,8946,8946.5
2019-05-28T18:35:40.589Z,8758,8758.5,8946,8946.5
2019-05-28T18:35:40.589Z,8758,8758.5,8946,8946.5
2019-05-28T18:35:40.589Z,8758,8758.5,8946,8946.5
2019-05-28T18:35:40.589Z,8758,8758.5,8946,8946.5
2019-05-28T18:35:43.905Z,8758,8758.5,8946,8946.5
2019-05-28T18:35:45.457Z,8758,8758.5,8946,8946.5
2019-05-28T18:35:47.122Z,8758,8758.5,8946,8946.5
2019-05-28T18:35:47.122Z,8758,8758.5,8946,8946.5
2019-05-28T18:35:47.122Z,8758,8758.5,8946,8946.5
2019-05-28T18:35:48.822Z,8758,8758.5,8946,8946.5
2019-05-28T18:35:50.985Z,8758,8758.5,8946,8946.5
2019-05-28T18:35:50.985Z,8758,8758.5,8946,8946.5
2019-05-28T18:35:50.985Z,8758,8758.5,8946,8946.5
2019-05-28T18:35:50.985Z,8758,8758.5,8946,8946.5
2019-05-28T18:35:53.165Z,8758,8758.5,8946,8946.5
2019-05-28T18:35:55.000Z,8758,8758.5,8946,8946.5
2019-05-28T18:35:55.000Z,8758,8758.5,8946,8946.5
2019-05-28T18:35:58.704Z,8758,8758.5,8946,8946.5
2019-05-28T18:35:59.471Z,8758,8758.5,8946,8946.5
2019-05-28T18:35:59.471Z,8758,8758.5,8946,8946.5
2019-05-28T18:35:59.471Z,8758,8758.5,8946,8946.5
2019-05-28T18:35:59.471Z,8758,8758.5,8946,8946.5
2019-05-28T18:36:02.327Z,8758,8758.5,8946,8946.5
2019-05-28T18:36:02.999Z,8758,8758.5,8946,8946.5
2019-05-28T18:36:05.000Z,8758,8758.5,8946,8946.5
2019-05-28T18:36:05.000Z,8758,8758.5,8946,8946.5
2019-05-28T18:36:05.000Z,8758,8758.5,8946,8946.5
2019-05-28T18:36:05.000Z,8758,8758.5,8946,8946.5
2019-05-28T18:36:09.689Z,8758,8758.5,8946,8946.5
2019-05-28T18:36:10.000Z,8758,8758.5,8946,8946.5
2019-05-28T18:36:12.108Z,8758,8758.5,8946,8946.5
2019-05-28T18:36:12.108Z,8758,8758.5,8946,8946.5
2019-05-28T18:36:12.108Z,8758,8758.5,8946,8946.5
2019-05-28T18:36:12.108Z,8758,8758.5,8946,8946.5
2019-05-28T18:36:15.497Z,8758,8758.5,8946,8946.5
2019-05-28T18:36:15.497Z,8758,8758.5,8946,8946.5
2019-05-28T18:36:15.497Z,8758,8758.5,8946,8946.5
2019-05-28T18:36:19.862Z,8757,8757.5,8946,8946.5
2019-05-28T18:36:20.713Z,8757,8757.5,8946,8946.5
2019-05-28T18:36:20.713Z,8757,8757.5,8946,8946.5
2019-05-28T18:36:20.713Z,8757,8757.5,8946,8946.5
2019-05-28T18:36:20.713Z,8757,8757.5,8946,8946.5
2019-05-28T18:36:24.136Z,8757,8757.5,8946,8946.5
2019-05-28T18:36:24.136Z,8757,8757.5,8946,8946.5
2019-05-28T18:36:26.016Z,8757,8757.5,8946,8946.5
2019-05-28T18:36:26.016Z,8757,8757.5,8946,8946.5
2019-05-28T18:36:26.016Z,8757,8757.5,8946,8946.5
2019-05-28T18:36:26.016Z,8757,8757.5,8946,8946.5
2019-05-28T18:36:28.937Z,8756.5,8757,8946,8946.5
2019-05-28T18:36:30.632Z,8756.5,8757,8946,8946.5
2019-05-28T18:36:30.632Z,8756.5,8757,8946,8946.5
2019-05-28T18:36:30.632Z,8756.5,8757,8946,8946.5
2019-05-28T18:36:30.632Z,8756.5,8757,8946,8946.5
2019-05-28T18:36:35.000Z,8756.5,8757,8946,8946.5
2019-05-28T18:36:37.705Z,8756.5,8757,8946,8946.5
2019-05-28T18:36:38.683Z,8756.5,8757,8946,8946.5
2019-05-28T18:36:39.453Z,8756.5,8757,8946,8946.5
2019-05-28T18:36:40.246Z,8756.5,8757,8946,8946.5
2019-05-28T18:36:40.246Z,8756.5,8757,8946,8946.5
2019-05-28T18:36:40.246Z,8756.5,8757,8946,8946.5
2019-05-28T18:36:42.885Z,8756.5,8757,8946,8946.5
2019-05-28T18:36:42.885Z,8756.5,8757,8946,8946.5
2019-05-28T18:36:44.498Z,8756.5,8757,8946,8946.5
2019-05-28T18:36:46.693Z,8756.5,8757,8946,8946.5
2019-05-28T18:36:46.693Z,8756.5,8757,8946,8946.5
2019-05-28T18:36:46.693Z,8756.5,8757,8946,8946.5
2019-05-28T18:36:46.693Z,8756.5,8757,8946,8946.5
2019-05-28T18:36:50.185Z,8756.5,8757,8946,8946.5
2019-05-28T18:36:50.185Z,8756.5,8757,8946,8946.5
2019-05-28T18:36:50.185Z,8756.5,8757,8946,8946.5
2019-05-28T18:36:53.172Z,8756.5,8757,8946,8946.5
2019-05-28T18:36:54.693Z,8756.5,8757,8946,8946.5
2019-05-28T18:36:55.455Z,8756.5,8757,8946,8946.5
2019-05-28T18:36:55.455Z,8756.5,8757,8946,8946.5
2019-05-28T18:36:55.455Z,8756.5,8757,8946,8946.5
2019-05-28T18:36:58.026Z,8756.5,8757,8946,8946.5
2019-05-28T18:36:58.026Z,8755,8755.5,8946,8946.5
2019-05-28T18:36:59.519Z,8755,8755.5,8946,8946.5
2019-05-28T18:36:59.519Z,8755,8755.5,8946,8946.5
2019-05-28T18:36:59.519Z,8755,8755.5,8946,8946.5
2019-05-28T18:36:59.519Z,8755,8755.5,8946,8946.5
2019-05-28T18:37:04.550Z,8755,8755.5,8946,8946.5
2019-05-28T18:37:05.000Z,8755,8755.5,8946,8946.5
2019-05-28T18:37:07.322Z,8755,8755.5,8946,8946.5
2019-05-28T18:37:07.322Z,8755,8755.5,8946,8946.5
2019-05-28T18:37:07.322Z,8755,8755.5,8946,8946.5
2019-05-28T18:37:08.486Z,8755,8755.5,8946,8946.5
2019-05-28T18:37:10.000Z,8755,8755.5,8946,8946.5
2019-05-28T18:37:10.000Z,8755,8755.5,8946,8946.5
2019-05-28T18:37:10.000Z,8755,8755.5,8946,8946.5
2019-05-28T18:37:10.000Z,8755,8755.5,8946,8946.5
2019-05-28T18:37:13.524Z,8755,8755.5,8946,8946.5
2019-05-28T18:37:15.714Z,8755,8755.5,8946,8946.5
2019-05-28T18:37:15.714Z,8755,8755.5,8946,8946.5
2019-05-28T18:37:15.714Z,8755,8755.5,8946,8946.5
2019-05-28T18:37:15.714Z,8755,8755.5,8946,8946.5
2019-05-28T18:37:20.043Z,8755,8755.5,8946,8946.5
2019-05-28T18:37:20.043Z,8755,8755.5,8946,8946.5
2019-05-28T18:37:22.338Z,8755,8755.5,8946,8946.5
2019-05-28T18:37:22.338Z,8755,8755.5,8946,8946.5
2019-05-28T18:37:22.338Z,8755,8755.5,8946,8946.5
2019-05-28T18:37:22.338Z,8755,8755.5,8946,8946.5
2019-05-28T18:37:25.336Z,8755,8755.5,8946,8946.5
2019-05-28T18:37:25.336Z,8755,8755.5,8946,8946.5
2019-05-28T18:37:25.336Z,8755,8755.5,8946,8946.5
2019-05-28T18:37:25.336Z,8755,8755.5,8946,8946.5
2019-05-28T18:37:30.655Z,8755,8755.5,8946,8946.5
2019-05-28T18:37:30.655Z,8755,8755.5,8946,8946.5
2019-05-28T18:37:30.655Z,8755,8755.5,8946,8946.5
2019-05-28T18:37:30.655Z,8755,8755.5,8946,8946.5
2019-05-28T18:37:30.655Z,8755,8755.5,8946,8946.5
2019-05-28T18:37:35.000Z,8755,8755.5,8946,8946.5
2019-05-28T18:37:35.000Z,8755,8755.5,8946,8946.5
2019-05-28T18:37:35.000Z,8755,8755.5,8946,8946.5
2019-05-28T18:37:40.570Z,8755,8755.5,8946,8946.5
2019-05-28T18:37:40.570Z,8755,8755.5,8946,8946.5
2019-05-28T18:37:41.603Z,8755,8755.5,8946,8946.5
2019-05-28T18:37:41.603Z,8755,8755.5,8946,8946.5
2019-05-28T18:37:42.804Z,8755,8755.5,8946,8946.5
2019-05-28T18:37:42.804Z,8755,8755.5,8946,8946.5
2019-05-28T18:37:42.804Z,8755,8755.5,8946,8946.5
2019-05-28T18:37:42.804Z,8755,8755.5,8946,8946.5
2019-05-28T18:37:48.323Z,8755,8755.5,8946,8946.5
2019-05-28T18:37:49.595Z,8755,8755.5,8946,8946.5
2019-05-28T18:37:50.419Z,8755,8755.5,8946,8946.5
2019-05-28T18:37:50.507Z,8755,8755.5,8946,8946.5
2019-05-28T18:37:52.440Z,8755,8755.5,8946,8946.5
2019-05-28T18:37:52.440Z,8755,8755.5,8946,8946.5
2019-05-28T18:37:54.500Z,8755.5,8756,8946,8946.5
2019-05-28T18:37:54.500Z,8755.5,8756,8946,8946.5
2019-05-28T18:37:55.729Z,8755.5,8756,8946,8946.5
2019-05-28T18:37:57.592Z,8755.5,8756,8946,8946.5
2019-05-28T18:37:57.592Z,8755.5,8756,8946,8946.5
2019-05-28T18:37:57.592Z,8755.5,8756,8946,8946.5
2019-05-28T18:37:57.592Z,8755.5,8756,8946,8946.5
2019-05-28T18:37:59.904Z,8758,8758.5,8946,8946.5
2019-05-28T18:38:00.000Z,8758,8758.5,8946,8946.5
2019-05-28T18:38:02.505Z,8758,8758.5,8946,8946.5
2019-05-28T18:38:02.505Z,8758,8758.5,8946,8946.5
2019-05-28T18:38:02.505Z,8758,8758.5,8946,8946.5
2019-05-28T18:38:04.703Z,8758,8758.5,8946,8946.5
2019-05-28T18:38:07.184Z,8758,8758.5,8946,8946.5
2019-05-28T18:38:08.781Z,8758,8758.5,8946,8946.5
2019-05-28T18:38:09.871Z,8758,8758.5,8946,8946.5
2019-05-28T18:38:09.871Z,8758,8758.5,8946,8946.5
2019-05-28T18:38:10.000Z,8758,8758.5,8946,8946.5
2019-05-28T18:38:12.348Z,8758,8758.5,8946,8946.5
2019-05-28T18:38:12.348Z,8758,8758.5,8946,8946.5
2019-05-28T18:38:14.880Z,8758,8758.5,8946,8946.5
2019-05-28T18:38:14.880Z,8758,8758.5,8946,8946.5
2019-05-28T18:38:15.281Z,8758,8758.5,8946,8946.5
2019-05-28T18:38:15.281Z,8758,8758.5,8946,8946.5
2019-05-28T18:38:15.281Z,8758,8758.5,8946,8946.5
2019-05-28T18:38:19.925Z,8758,8758.5,8946,8946.5
2019-05-28T18:38:20.000Z,8758,8758.5,8946,8946.5
2019-05-28T18:38:20.000Z,8758,8758.5,8946,8946.5
2019-05-28T18:38:22.826Z,8758,8758.5,8946,8946.5
2019-05-28T18:38:23.910Z,8758,8758.5,8946,8946.5
2019-05-28T18:38:23.910Z,8758,8758.5,8946,8946.5
2019-05-28T18:38:23.910Z,8758,8758.5,8946,8946.5
2019-05-28T18:38:23.910Z,8758,8758.5,8946,8946.5
2019-05-28T18:38:23.910Z,8758,8758.5,8946,8946.5
2019-05-28T18:38:29.008Z,8758,8758.5,8946,8946.5
2019-05-28T18:38:29.426Z,8758,8758.5,8946,8946.5
2019-05-28T18:38:30.546Z,8758,8758.5,8946,8946.5
2019-05-28T18:38:30.546Z,8758,8758.5,8946,8946.5
2019-05-28T18:38:32.972Z,8758,8758.5,8946,8946.5
2019-05-28T18:38:34.204Z,8758,8758.5,8946,8946.5
2019-05-28T18:38:34.204Z,8758,8758.5,8946,8946.5
2019-05-28T18:38:35.000Z,8758,8758.5,8946,8946.5
2019-05-28T18:38:35.000Z,8758,8758.5,8946,8946.5
2019-05-28T18:38:35.000Z,8758,8758.5,8946,8946.5
2019-05-28T18:38:40.831Z,8758,8758.5,8946,8946.5
2019-05-28T18:38:40.831Z,8758,8758.5,8946,8946.5
2019-05-28T18:38:41.663Z,8758,8758.5,8946,8946.5
2019-05-28T18:38:42.826Z,8758,8758.5,8946,8946.5
2019-05-28T18:38:44.129Z,8758,8758.5,8946,8946.5
2019-05-28T18:38:44.129Z,8758,8758.5,8946,8946.5
2019-05-28T18:38:45.598Z,8758,8758.5,8946,8946.5
2019-05-28T18:38:47.343Z,8758,8758.5,8946,8946.5
2019-05-28T18:38:49.058Z,8758,8758.5,8946,8946.5
2019-05-28T18:38:49.608Z,8758,8758.5,8946,8946.5
2019-05-28T18:38:51.007Z,8758,8758.5,8946,8946.5
2019-05-28T18:38:51.230Z,8758,8758.5,8946,8946.5
2019-05-28T18:38:52.938Z,8758,8758.5,8946,8946.5
2019-05-28T18:38:54.000Z,8758,8758.5,8946,8946.5
2019-05-28T18:38:54.785Z,8758,8758.5,8946,8946.5
2019-05-28T18:38:54.785Z,8758,8758.5,8946,8946.5
2019-05-28T18:38:56.832Z,8758,8758.5,8946,8946.5
2019-05-28T18:38:57.671Z,8758,8758.5,8946,8946.5
2019-05-28T18:38:57.671Z,8758,8758.5,8946,8946.5
2019-05-28T18:38:57.671Z,8758,8758.5,8946,8946.5
2019-05-28T18:38:59.887Z,8758,8758.5,8946,8946.5
2019-05-28T18:39:00.969Z,8758,8758.5,8946,8946.5
2019-05-28T18:39:01.982Z,8758,8758.5,8946,8946.5
2019-05-28T18:39:02.427Z,8758,8758.5,8946,8946.5
2019-05-28T18:39:02.427Z,8758,8758.5,8946,8946.5
2019-05-28T18:39:03.312Z,8758,8758.5,8948.5,8950
2019-05-28T18:39:07.194Z,8758,8758.5,8948.5,8950
2019-05-28T18:39:08.049Z,8758,8758.5,8948.5,8950
2019-05-28T18:39:08.049Z,8758,8758.5,8948.5,8950
2019-05-28T18:39:08.405Z,8758,8758.5,8948.5,8950
2019-05-28T18:39:10.691Z,8760,8760.5,8950,8951.5
2019-05-28T18:39:12.693Z,8760,8760.5,8950,8951.5
2019-05-28T18:39:13.575Z,8760,8760.5,8950,8951.5
2019-05-28T18:39:14.545Z,8760.5,8761,8951,8951.5
2019-05-28T18:39:15.183Z,8760.5,8761,8951,8951.5
2019-05-28T18:39:15.880Z,8760.5,8761,8951,8951.5
2019-05-28T18:39:17.274Z,8760.5,8761,8951,8951.5
2019-05-28T18:39:17.742Z,8760.5,8761,8951,8951.5
2019-05-28T18:39:18.048Z,8760.5,8761,8951,8951.5
2019-05-28T18:39:20.031Z,8761.5,8762,8951,8951.5
2019-05-28T18:39:20.066Z,8761.5,8762,8951,8951.5
2019-05-28T18:39:21.909Z,8761.5,8762,8951,8951.5
2019-05-28T18:39:22.750Z,8761.5,8762,8951,8951.5
2019-05-28T18:39:23.038Z,8761.5,8762,8951,8951.5
2019-05-28T18:39:25.007Z,8761.5,8762,8951,8951.5
2019-05-28T18:39:25.539Z,8761.5,8762,8951,8951.5
2019-05-28T18:39:26.687Z,8761.5,8762,8951,8951.5
2019-05-28T18:39:27.862Z,8761.5,8762,8951,8951.5
2019-05-28T18:39:27.862Z,8761.5,8762,8951,8951.5
2019-05-28T18:39:28.935Z,8761.5,8762,8951,8951.5
2019-05-28T18:39:32.115Z,8761.5,8762,8951,8951.5
2019-05-28T18:39:32.893Z,8761.5,8762,8951,8951.5
2019-05-28T18:39:33.985Z,8761.5,8762,8951,8951.5
2019-05-28T18:39:34.937Z,8761.5,8762,8951,8951.5
2019-05-28T18:39:35.893Z,8761.5,8762,8951,8951.5
2019-05-28T18:39:36.399Z,8761.5,8762,8951,8951.5
2019-05-28T18:39:37.174Z,8761.5,8762,8951,8951.5
2019-05-28T18:39:38.241Z,8761.5,8762,8951,8951.5
2019-05-28T18:39:40.268Z,8761.5,8762,8951,8951.5
2019-05-28T18:39:41.686Z,8761.5,8762,8951,8951.5
2019-05-28T18:39:41.686Z,8761.5,8762,8951,8951.5
2019-05-28T18:39:44.111Z,8762.5,8763,8951,8951.5
2019-05-28T18:39:44.592Z,8762.5,8763,8951,8951.5
2019-05-28T18:39:44.592Z,8762.5,8763,8951,8951.5
2019-05-28T18:39:46.676Z,8762.5,8763,8951,8951.5
2019-05-28T18:39:47.306Z,8762.5,8763,8951,8951.5
2019-05-28T18:39:48.715Z,8762.5,8763,8951,8951.5
2019-05-28T18:39:48.715Z,8762.5,8763,8951,8951.5
2019-05-28T18:39:50.952Z,8762.5,8763,8951,8951.5
2019-05-28T18:39:51.345Z,8762.5,8763,8951,8951.5
2019-05-28T18:39:51.345Z,8762.5,8763,8951,8951.5
2019-05-28T18:39:51.769Z,8762.5,8763,8956.5,8957
2019-05-28T18:39:54.912Z,8762.5,8763,8956.5,8957
2019-05-28T18:39:55.706Z,8762.5,8763,8956.5,8957
2019-05-28T18:39:55.706Z,8762.5,8763,8956.5,8957
2019-05-28T18:39:55.706Z,8762.5,8763,8956.5,8957
2019-05-28T18:39:59.261Z,8764,8764.5,8956.5,8957
2019-05-28T18:39:59.261Z,8764,8764.5,8956.5,8957
2019-05-28T18:39:59.261Z,8764,8764.5,8956.5,8957
2019-05-28T18:40:00.746Z,8764,8764.5,8956.5,8957
2019-05-28T18:40:00.746Z,8764,8764.5,8956.5,8957
2019-05-28T18:40:01.919Z,8764,8764.5,8956.5,8957
2019-05-28T18:40:01.919Z,8764,8764.5,8956.5,8957
2019-05-28T18:40:02.600Z,8766,8766.5,8956.5,8957
2019-05-28T18:40:06.398Z,8766,8766.5,8956.5,8957
2019-05-28T18:40:07.370Z,8766,8766.5,8956.5,8957
2019-05-28T18:40:08.999Z,8769.5,8770,8956.5,8957
2019-05-28T18:40:08.999Z,8769.5,8770,8956.5,8957
2019-05-28T18:40:10.936Z,8769.5,8770,8956.5,8957
2019-05-28T18:40:11.985Z,8769.5,8770,8956.5,8957
2019-05-28T18:40:11.985Z,8769.5,8770,8956.5,8957
2019-05-28T18:40:11.985Z,8769.5,8770,8956.5,8957
2019-05-28T18:40:15.903Z,8769.5,8770,8956.5,8957
2019-05-28T18:40:16.609Z,8769.5,8770,8956.5,8957
2019-05-28T18:40:17.653Z,8769.5,8770,8956.5,8957
2019-05-28T18:40:18.560Z,8769.5,8770,8956.5,8957
2019-05-28T18:40:19.996Z,8769.5,8770,8956.5,8957
2019-05-28T18:40:20.996Z,8769.5,8770,8956.5,8957
2019-05-28T18:40:21.706Z,8769.5,8770,8956.5,8957
2019-05-28T18:40:22.303Z,8769.5,8770,8956.5,8957
2019-05-28T18:40:22.807Z,8769.5,8770,8956.5,8957
2019-05-28T18:40:23.116Z,8769.5,8770,8956.5,8957
2019-05-28T18:40:25.694Z,8769.5,8770,8956.5,8957
2019-05-28T18:40:26.888Z,8769.5,8770,8956.5,8957
2019-05-28T18:40:28.111Z,8769.5,8770,8956.5,8957
2019-05-28T18:40:28.111Z,8769.5,8770,8956.5,8957
2019-05-28T18:40:28.111Z,8769.5,8770,8956.5,8957
2019-05-28T18:40:28.111Z,8769.5,8770,8956.5,8957
2019-05-28T18:40:32.300Z,8769.5,8770,8956.5,8957
2019-05-28T18:40:32.671Z,8769.5,8770,8956.5,8957
2019-05-28T18:40:32.671Z,8769.5,8770,8956.5,8957
2019-05-28T18:40:33.423Z,8769.5,8770,8956.5,8957
2019-05-28T18:40:35.000Z,8769.5,8770,8956.5,8957
2019-05-28T18:40:37.237Z,8769.5,8770,8956.5,8957
2019-05-28T18:40:37.237Z,8769.5,8770,8956.5,8957
2019-05-28T18:40:37.237Z,8769.5,8770,8956.5,8957
2019-05-28T18:40:37.733Z,8769.5,8770,8956.5,8957
2019-05-28T18:40:40.000Z,8769.5,8770,8956.5,8957
2019-05-28T18:40:40.000Z,8769.5,8770,8956.5,8957
2019-05-28T18:40:40.000Z,8769.5,8770,8956.5,8957
2019-05-28T18:40:40.000Z,8769.5,8770,8956.5,8957
2019-05-28T18:40:43.078Z,8769.5,8770,8956.5,8957
2019-05-28T18:40:43.078Z,8769.5,8770,8956.5,8957
2019-05-28T18:40:43.078Z,8769.5,8770,8956.5,8957
2019-05-28T18:40:48.593Z,8769.5,8770,8956.5,8957
2019-05-28T18:40:48.964Z,8769.5,8770,8956.5,8957
2019-05-28T18:40:48.964Z,8769.5,8770,8956.5,8957
2019-05-28T18:40:51.505Z,8769.5,8770,8956.5,8957
2019-05-28T18:40:51.665Z,8769.5,8770,8956.5,8957
2019-05-28T18:40:53.628Z,8769.5,8770,8956.5,8957
2019-05-28T18:40:54.594Z,8769.5,8770,8956.5,8957
2019-05-28T18:40:55.162Z,8769.5,8770,8956.5,8957
2019-05-28T18:40:55.162Z,8769.5,8770,8956.5,8957
2019-05-28T18:40:55.162Z,8769.5,8770,8956.5,8957
2019-05-28T18:40:55.162Z,8769.5,8770,8956.5,8957
2019-05-28T18:40:55.162Z,8769.5,8770,8956.5,8957
2019-05-28T18:40:58.706Z,8769.5,8770,8956.5,8957
2019-05-28T18:41:01.005Z,8769.5,8770,8956.5,8957
2019-05-28T18:41:01.005Z,8769.5,8770,8956.5,8957
2019-05-28T18:41:03.463Z,8769.5,8770,8956.5,8957
2019-05-28T18:41:03.919Z,8769.5,8770,8956.5,8957
2019-05-28T18:41:03.919Z,8769.5,8770,8956.5,8957
2019-05-28T18:41:05.000Z,8769.5,8770,8956.5,8957
2019-05-28T18:41:06.804Z,8769.5,8770,8956.5,8957
2019-05-28T18:41:06.804Z,8769.5,8770,8956.5,8957
2019-05-28T18:41:09.612Z,8769.5,8770,8956.5,8957
2019-05-28T18:41:09.612Z,8769.5,8770,8956.5,8957
2019-05-28T18:41:10.861Z,8769.5,8770,8956.5,8957
2019-05-28T18:41:12.747Z,8769.5,8770,8956.5,8957
2019-05-28T18:41:13.002Z,8769.5,8770,8956.5,8957
2019-05-28T18:41:13.002Z,8769.5,8770,8956.5,8957
2019-05-28T18:41:15.525Z,8769.5,8770,8956.5,8957
2019-05-28T18:41:16.774Z,8769.5,8770,8956.5,8957
2019-05-28T18:41:17.895Z,8769.5,8770,8956.5,8957
2019-05-28T18:41:17.975Z,8769.5,8770,8956.5,8957
2019-05-28T18:41:17.975Z,8769.5,8770,8956.5,8957
2019-05-28T18:41:18.596Z,8768.5,8769,8956.5,8957
2019-05-28T18:41:22.158Z,8768.5,8769,8956.5,8957
2019-05-28T18:41:23.349Z,8768.5,8769,8956.5,8957
2019-05-28T18:41:24.365Z,8768.5,8769,8956.5,8957
2019-05-28T18:41:25.755Z,8768.5,8769,8956.5,8957
2019-05-28T18:41:25.755Z,8768.5,8769,8956.5,8957
2019-05-28T18:41:25.755Z,8768.5,8769,8956.5,8957
2019-05-28T18:41:29.229Z,8768.5,8769,8957,8957.5
2019-05-28T18:41:29.405Z,8768.5,8769,8957,8957.5
2019-05-28T18:41:30.383Z,8768.5,8769,8957,8957.5
2019-05-28T18:41:32.016Z,8768.5,8769,8957,8957.5
2019-05-28T18:41:32.016Z,8768.5,8769,8957,8957.5
2019-05-28T18:41:34.758Z,8768.5,8769,8957,8957.5
2019-05-28T18:41:35.601Z,8768.5,8769,8957,8957.5
2019-05-28T18:41:35.601Z,8768.5,8769,8957,8957.5
2019-05-28T18:41:37.212Z,8768.5,8769,8957,8957.5
2019-05-28T18:41:38.893Z,8768.5,8769,8957,8957.5
2019-05-28T18:41:39.615Z,8767.5,8768,8957,8957.5
2019-05-28T18:41:40.822Z,8767.5,8768,8957,8957.5
2019-05-28T18:41:40.822Z,8767.5,8768,8957,8957.5
2019-05-28T18:41:42.693Z,8767.5,8768,8957,8957.5
2019-05-28T18:41:42.693Z,8767.5,8768,8957,8957.5
2019-05-28T18:41:42.693Z,8767.5,8768,8957,8957.5
2019-05-28T18:41:45.472Z,8767.5,8768,8957,8957.5
2019-05-28T18:41:45.472Z,8767.5,8768,8957,8957.5
2019-05-28T18:41:46.683Z,8767.5,8768,8957,8957.5
2019-05-28T18:41:46.683Z,8767.5,8768,8957,8957.5
2019-05-28T18:41:49.310Z,8767.5,8768,8957,8957.5
2019-05-28T18:41:50.866Z,8767.5,8768,8957,8957.5
2019-05-28T18:41:50.866Z,8767.5,8768,8957,8957.5
2019-05-28T18:41:52.880Z,8767.5,8768,8957,8957.5
2019-05-28T18:41:52.880Z,8767.5,8768,8957,8957.5
2019-05-28T18:41:52.880Z,8767.5,8768,8957,8957.5
2019-05-28T18:41:52.880Z,8767.5,8768,8957,8957.5
2019-05-28T18:41:57.233Z,8767.5,8768,8957,8957.5
2019-05-28T18:41:57.233Z,8767.5,8768,8957,8957.5
2019-05-28T18:41:57.787Z,8767.5,8768,8957,8957.5
2019-05-28T18:41:57.787Z,8767.5,8768,8957,8957.5
2019-05-28T18:41:58.499Z,8767.5,8768,8957,8957.5
2019-05-28T18:41:58.499Z,8767.5,8768,8957,8957.5
2019-05-28T18:41:58.499Z,8767.5,8768,8957,8957.5
2019-05-28T18:42:04.055Z,8767.5,8768,8957,8957.5
2019-05-28T18:42:04.055Z,8767.5,8768,8957,8957.5
2019-05-28T18:42:05.408Z,8767.5,8768,8957,8957.5
2019-05-28T18:42:07.489Z,8767.5,8768,8957,8957.5
2019-05-28T18:42:07.489Z,8767.5,8768,8957,8957.5
2019-05-28T18:42:09.222Z,8767.5,8768,8957,8957.5
2019-05-28T18:42:10.284Z,8767.5,8768,8957,8957.5
2019-05-28T18:42:10.727Z,8767.5,8768,8957,8957.5
2019-05-28T18:42:10.727Z,8767.5,8768,8957,8957.5
2019-05-28T18:42:10.727Z,8767.5,8768,8957,8957.5
2019-05-28T18:42:10.727Z,8767.5,8768,8957,8957.5
2019-05-28T18:42:10.727Z,8767.5,8768,8957,8957.5
2019-05-28T18:42:15.000Z,8767.5,8768,8957,8957.5
2019-05-28T18:42:15.000Z,8767.5,8768,8957,8957.5
2019-05-28T18:42:15.000Z,8767.5,8768,8957,8957.5
2019-05-28T18:42:15.000Z,8767.5,8768,8957,8957.5
2019-05-28T18:42:15.000Z,8767.5,8768,8957,8957.5
2019-05-28T18:42:20.096Z,8767.5,8768,8957,8957.5
2019-05-28T18:42:21.705Z,8767.5,8768,8957,8957.5
2019-05-28T18:42:21.705Z,8767.5,8768,8957,8957.5
2019-05-28T18:42:21.705Z,8767.5,8768,8957,8957.5
2019-05-28T18:42:21.705Z,8767.5,8768,8957,8957.5
2019-05-28T18:42:25.000Z,8767.5,8768,8957,8957.5
2019-05-28T18:42:25.000Z,8767.5,8768,8957,8957.5
2019-05-28T18:42:25.000Z,8767.5,8768,8957,8957.5
2019-05-28T18:42:25.000Z,8767.5,8768,8957,8957.5
2019-05-28T18:42:28.864Z,8767.5,8768,8957,8957.5
2019-05-28T18:42:30.503Z,8767.5,8768,8957,8957.5
2019-05-28T18:42:30.503Z,8767.5,8768,8957,8957.5
2019-05-28T18:42:33.989Z,8767.5,8768,8957,8957.5
2019-05-28T18:42:35.770Z,8767.5,8768,8957,8957.5
2019-05-28T18:42:36.931Z,8767.5,8768,8957,8957.5
2019-05-28T18:42:36.931Z,8767.5,8768,8957,8957.5
2019-05-28T18:42:38.671Z,8767.5,8768,8957,8957.5
2019-05-28T18:42:38.671Z,8767.5,8768,8957,8957.5
2019-05-28T18:42:40.492Z,8767.5,8768,8957,8957.5
2019-05-28T18:42:40.492Z,8767.5,8768,8957,8957.5
2019-05-28T18:42:42.482Z,8767.5,8768,8957,8957.5
2019-05-28T18:42:42.482Z,8767.5,8768,8957,8957.5
2019-05-28T18:42:43.884Z,8767.5,8768,8957,8957.5
2019-05-28T18:42:45.221Z,8767.5,8768,8959.5,8960
2019-05-28T18:42:45.221Z,8767.5,8768,8959.5,8960
2019-05-28T18:42:47.742Z,8767.5,8768,8959.5,8960
2019-05-28T18:42:48.037Z,8767.5,8768,8959.5,8960
2019-05-28T18:42:48.367Z,8767.5,8768,8959.5,8960
2019-05-28T18:42:50.000Z,8766,8766.5,8959.5,8960
2019-05-28T18:42:52.420Z,8766,8766.5,8959.5,8960
2019-05-28T18:42:52.876Z,8766,8766.5,8959.5,8960
2019-05-28T18:42:52.876Z,8766,8766.5,8959.5,8960
2019-05-28T18:42:52.876Z,8765,8765.5,8957,8957.5
2019-05-28T18:42:55.827Z,8765,8765.5,8957,8957.5
2019-05-28T18:42:55.827Z,8765,8765.5,8957,8957.5
2019-05-28T18:42:55.827Z,8765,8765.5,8957,8957.5
2019-05-28T18:42:55.827Z,8765,8765.5,8957,8957.5
2019-05-28T18:42:55.827Z,8765,8765.5,8957,8957.5
2019-05-28T18:43:00.694Z,8765,8765.5,8957,8957.5
2019-05-28T18:43:00.694Z,8765,8765.5,8957,8957.5
2019-05-28T18:43:01.839Z,8765,8765.5,8957,8957.5
2019-05-28T18:43:02.948Z,8765,8765.5,8957,8957.5
2019-05-28T18:43:02.948Z,8765,8765.5,8957,8957.5
2019-05-28T18:43:03.623Z,8763,8763.5,8957,8957.5
2019-05-28T18:43:07.183Z,8763,8763.5,8957,8957.5
2019-05-28T18:43:07.183Z,8763,8763.5,8957,8957.5
2019-05-28T18:43:07.183Z,8763,8763.5,8957,8957.5
2019-05-28T18:43:09.900Z,8761.5,8762,8954,8955
2019-05-28T18:43:10.484Z,8761.5,8762,8954,8955
2019-05-28T18:43:12.374Z,8761.5,8762,8954,8955
2019-05-28T18:43:12.474Z,8761.5,8762,8954,8955
2019-05-28T18:43:13.354Z,8761.5,8762,8954,8955
2019-05-28T18:43:14.936Z,8760,8760.5,8950.5,8951.5
2019-05-28T18:43:15.790Z,8760,8760.5,8950.5,8951.5
2019-05-28T18:43:15.790Z,8760,8760.5,8950.5,8951.5
2019-05-28T18:43:15.790Z,8760,8760.5,8950.5,8951.5
2019-05-28T18:43:15.790Z,8760,8760.5,8950.5,8951.5
2019-05-28T18:43:18.444Z,8760,8760.5,8950.5,8951
2019-05-28T18:43:20.811Z,8760,8760.5,8950.5,8951
2019-05-28T18:43:20.811Z,8760,8760.5,8950.5,8951
2019-05-28T18:43:20.811Z,8760,8760.5,8950.5,8951
2019-05-28T18:43:20.811Z,8760,8760.5,8950.5,8951
2019-05-28T18:43:23.806Z,8760,8760.5,8950.5,8951
2019-05-28T18:43:26.004Z,8760,8760.5,8950.5,8951
2019-05-28T18:43:26.745Z,8760,8760.5,8950.5,8951
2019-05-28T18:43:26.745Z,8760,8760.5,8950.5,8951
2019-05-28T18:43:29.265Z,8760,8760.5,8950.5,8951
2019-05-28T18:43:30.638Z,8760,8760.5,8950.5,8951
2019-05-28T18:43:30.638Z,8760,8760.5,8950.5,8951
2019-05-28T18:43:30.638Z,8760,8760.5,8950.5,8951
2019-05-28T18:43:33.808Z,8760,8760.5,8950.5,8951
2019-05-28T18:43:35.936Z,8760,8760.5,8950,8950.5
2019-05-28T18:43:35.936Z,8760,8760.5,8950,8950.5
2019-05-28T18:43:35.936Z,8760,8760.5,8950,8950.5
2019-05-28T18:43:35.936Z,8760,8760.5,8950,8950.5
2019-05-28T18:43:35.936Z,8760,8760.5,8950,8950.5
2019-05-28T18:43:37.860Z,8760,8760.5,8950,8950.5
2019-05-28T18:43:40.000Z,8760,8760.5,8950,8950.5
2019-05-28T18:43:40.000Z,8760,8760.5,8950,8950.5
2019-05-28T18:43:40.000Z,8760,8760.5,8950,8950.5
2019-05-28T18:43:40.000Z,8760,8760.5,8950,8950.5
2019-05-28T18:43:44.562Z,8760,8760.5,8950,8950.5
2019-05-28T18:43:44.562Z,8760,8760.5,8950,8950.5
2019-05-28T18:43:45.048Z,8760,8760.5,8950,8950.5
2019-05-28T18:43:45.048Z,8760,8760.5,8950,8950.5
2019-05-28T18:43:48.661Z,8760,8760.5,8950,8950.5
2019-05-28T18:43:50.000Z,8760,8760.5,8950,8950.5
2019-05-28T18:43:51.664Z,8760,8760.5,8950,8950.5
2019-05-28T18:43:53.039Z,8760,8760.5,8950,8950.5
2019-05-28T18:43:53.039Z,8760,8760.5,8950,8950.5
2019-05-28T18:43:53.039Z,8760,8760.5,8950,8950.5
2019-05-28T18:43:55.000Z,8760,8760.5,8950,8950.5
2019-05-28T18:43:55.000Z,8760,8760.5,8950,8950.5
2019-05-28T18:43:55.000Z,8760,8760.5,8950,8950.5
2019-05-28T18:43:55.000Z,8760,8760.5,8950,8950.5
2019-05-28T18:43:59.110Z,8760,8760.5,8950,8950.5
2019-05-28T18:44:00.000Z,8760,8760.5,8950,8950.5
2019-05-28T18:44:00.000Z,8760,8760.5,8950,8950.5
2019-05-28T18:44:00.000Z,8760,8760.5,8950,8950.5
2019-05-28T18:44:00.000Z,8760,8760.5,8950,8950.5
2019-05-28T18:44:00.000Z,8760,8760.5,8950,8950.5
2019-05-28T18:44:05.966Z,8760,8760.5,8950,8950.5
2019-05-28T18:44:05.966Z,8760,8760.5,8950,8950.5
2019-05-28T18:44:05.966Z,8760,8760.5,8950,8950.5
2019-05-28T18:44:08.981Z,8760,8760.5,8950,8950.5
2019-05-28T18:44:10.720Z,8760,8760.5,8950,8950.5
2019-05-28T18:44:11.727Z,8760,8760.5,8950,8950.5
2019-05-28T18:44:12.987Z,8760,8760.5,8950,8950.5
2019-05-28T18:44:12.987Z,8760,8760.5,8950,8950.5
2019-05-28T18:44:13.006Z,8760,8760.5,8951,8951.5
2019-05-28T18:44:15.870Z,8760,8760.5,8951,8951.5
2019-05-28T18:44:15.870Z,8760,8760.5,8951,8951.5
2019-05-28T18:44:17.844Z,8760,8760.5,8951,8951.5
2019-05-28T18:44:18.199Z,8760,8760.5,8951,8951.5
2019-05-28T18:44:18.199Z,8760,8760.5,8951,8951.5
2019-05-28T18:44:19.384Z,8763,8763.5,8951.5,8952
2019-05-28T18:44:20.953Z,8763,8763.5,8951.5,8952
2019-05-28T18:44:20.953Z,8763,8763.5,8951.5,8952
2019-05-28T18:44:20.953Z,8763,8763.5,8951.5,8952
2019-05-28T18:44:20.953Z,8763,8763.5,8951.5,8952
2019-05-28T18:44:25.991Z,8763,8763.5,8951.5,8952
2019-05-28T18:44:27.070Z,8763,8763.5,8951.5,8952
2019-05-28T18:44:27.070Z,8763,8763.5,8951.5,8952
2019-05-28T18:44:28.819Z,8763,8763.5,8951.5,8952
2019-05-28T18:44:30.597Z,8765.5,8766,8951.5,8952
2019-05-28T18:44:31.907Z,8765.5,8766,8951.5,8952
2019-05-28T18:44:31.907Z,8765.5,8766,8951.5,8952
2019-05-28T18:44:31.907Z,8765.5,8766,8951.5,8952
2019-05-28T18:44:31.907Z,8765.5,8766,8951.5,8952
2019-05-28T18:44:35.000Z,8765,8765.5,8951.5,8952
2019-05-28T18:44:36.896Z,8765,8765.5,8951.5,8952
2019-05-28T18:44:38.054Z,8765,8765.5,8951.5,8952
2019-05-28T18:44:38.054Z,8765,8765.5,8951.5,8952
2019-05-28T18:44:38.054Z,8765,8765.5,8951.5,8952
2019-05-28T18:44:40.430Z,8762.5,8763,8950.5,8952
2019-05-28T18:44:41.692Z,8762.5,8763,8950.5,8952
2019-05-28T18:44:42.424Z,8762.5,8763,8950.5,8952
2019-05-28T18:44:42.424Z,8762.5,8763,8950.5,8952
2019-05-28T18:44:42.424Z,8762.5,8763,8950.5,8952
2019-05-28T18:44:45.000Z,8760,8760.5,8950.5,8951
2019-05-28T18:44:45.000Z,8760,8760.5,8950.5,8951
2019-05-28T18:44:45.000Z,8760,8760.5,8950.5,8951
2019-05-28T18:44:45.000Z,8760,8760.5,8950.5,8951
2019-05-28T18:44:46.807Z,8760,8760.5,8950.5,8951
2019-05-28T18:44:50.000Z,8760,8760.5,8950.5,8951
2019-05-28T18:44:50.000Z,8760,8760.5,8950.5,8951
2019-05-28T18:44:50.000Z,8760,8760.5,8950.5,8951
2019-05-28T18:44:50.000Z,8760,8760.5,8950.5,8951
2019-05-28T18:44:53.026Z,8760,8760.5,8950.5,8951
2019-05-28T18:44:55.000Z,8760,8760.5,8950.5,8951
2019-05-28T18:44:55.000Z,8760,8760.5,8950.5,8951
2019-05-28T18:44:55.000Z,8760,8760.5,8950.5,8951
2019-05-28T18:44:55.000Z,8760,8760.5,8950.5,8951
2019-05-28T18:44:58.737Z,8760,8760.5,8949.5,8950
2019-05-28T18:45:00.000Z,8760,8760.5,8949.5,8950
2019-05-28T18:45:02.010Z,8760,8760.5,8949.5,8950
2019-05-28T18:45:02.010Z,8760,8760.5,8949.5,8950
2019-05-28T18:45:03.435Z,8760,8760.5,8949.5,8950
2019-05-28T18:45:03.962Z,8760,8760.5,8949.5,8950
2019-05-28T18:45:05.000Z,8760,8760.5,8949.5,8950
2019-05-28T18:45:05.000Z,8760,8760.5,8949.5,8950
2019-05-28T18:45:05.000Z,8760,8760.5,8949.5,8950
2019-05-28T18:45:05.000Z,8760,8760.5,8949.5,8950
2019-05-28T18:45:09.060Z,8760,8760.5,8948.5,8949
2019-05-28T18:45:11.805Z,8760,8760.5,8948.5,8949
2019-05-28T18:45:11.805Z,8760,8760.5,8948.5,8949
2019-05-28T18:45:11.805Z,8760,8760.5,8948.5,8949
2019-05-28T18:45:11.805Z,8760,8760.5,8948.5,8949
2019-05-28T18:45:15.000Z,8760,8760.5,8948,8948.5
2019-05-28T18:45:17.133Z,8760,8760.5,8948,8948.5
2019-05-28T18:45:17.983Z,8760,8760.5,8948,8948.5
2019-05-28T18:45:18.087Z,8760,8760.5,8948,8948.5
2019-05-28T18:45:18.087Z,8760,8760.5,8948,8948.5
2019-05-28T18:45:18.620Z,8760,8760.5,8948,8948.5
2019-05-28T18:45:20.572Z,8758,8758.5,8948,8948.5
2019-05-28T18:45:22.597Z,8758,8758.5,8948,8948.5
2019-05-28T18:45:22.597Z,8758,8758.5,8948,8948.5
2019-05-28T18:45:22.597Z,8758,8758.5,8948,8948.5
2019-05-28T18:45:25.677Z,8758,8758.5,8947.5,8948
2019-05-28T18:45:26.862Z,8758,8758.5,8947.5,8948
2019-05-28T18:45:27.577Z,8758,8758.5,8947.5,8948
2019-05-28T18:45:27.577Z,8758,8758.5,8947.5,8948
2019-05-28T18:45:30.610Z,8756.5,8757,8946,8947
2019-05-28T18:45:30.938Z,8756.5,8757,8946,8947
2019-05-28T18:45:31.560Z,8756.5,8757,8946,8947
2019-05-28T18:45:31.560Z,8756.5,8757,8946,8947
2019-05-28T18:45:33.679Z,8756.5,8757,8946,8947
2019-05-28T18:45:35.923Z,8755,8755.5,8945,8946
2019-05-28T18:45:37.129Z,8755,8755.5,8945,8946
2019-05-28T18:45:37.129Z,8755,8755.5,8945,8946
2019-05-28T18:45:37.692Z,8755,8755.5,8945,8946
2019-05-28T18:45:38.595Z,8755,8755.5,8945,8946
2019-05-28T18:45:40.829Z,8738.5,8740,8940,8942.5
2019-05-28T18:45:42.096Z,8738.5,8740,8940,8942.5
2019-05-28T18:45:42.096Z,8738.5,8740,8940,8942.5
2019-05-28T18:45:42.096Z,8738.5,8740,8940,8942.5
2019-05-28T18:45:44.485Z,8737.5,8738,8937.5,8938.5
2019-05-28T18:45:45.853Z,8737.5,8738,8937.5,8938.5
2019-05-28T18:45:46.898Z,8737.5,8738,8937.5,8938.5
2019-05-28T18:45:47.705Z,8737.5,8738,8937.5,8938.5
2019-05-28T18:45:47.705Z,8737.5,8738,8937.5,8938.5
2019-05-28T18:45:49.563Z,8737.5,8738,8936.5,8937
2019-05-28T18:45:50.948Z,8737.5,8738,8936.5,8937
2019-05-28T18:45:52.242Z,8737.5,8738,8936.5,8937
2019-05-28T18:45:53.160Z,8737.5,8738,8936.5,8937
2019-05-28T18:45:53.160Z,8737.5,8738,8936.5,8937
2019-05-28T18:45:54.439Z,8737.5,8738,8932,8932.5
2019-05-28T18:45:56.843Z,8737.5,8738,8932,8932.5
2019-05-28T18:45:56.843Z,8737.5,8738,8932,8932.5
2019-05-28T18:45:57.600Z,8737.5,8738,8932,8932.5
2019-05-28T18:45:57.600Z,8737.5,8738,8932,8932.5
2019-05-28T18:45:59.624Z,8744.5,8745,8934.5,8935
2019-05-28T18:46:00.000Z,8744.5,8745,8934.5,8935
2019-05-28T18:46:00.000Z,8744.5,8745,8934.5,8935
2019-05-28T18:46:03.297Z,8744.5,8745,8934.5,8935
2019-05-28T18:46:03.498Z,8744.5,8745,8934.5,8935
2019-05-28T18:46:03.964Z,8744.5,8745,8934.5,8935
2019-05-28T18:46:05.376Z,8744.5,8745,8934.5,8935
2019-05-28T18:46:06.940Z,8744.5,8745,8934.5,8935
2019-05-28T18:46:08.465Z,8744.5,8745,8934.5,8935
2019-05-28T18:46:08.465Z,8744.5,8745,8934.5,8935
2019-05-28T18:46:08.582Z,8744.5,8745,8934.5,8935
2019-05-28T18:46:12.329Z,8744.5,8745,8934.5,8935
2019-05-28T18:46:12.410Z,8744.5,8745,8934.5,8935
2019-05-28T18:46:13.056Z,8744.5,8745,8934.5,8935
2019-05-28T18:46:13.320Z,8744.5,8745,8934.5,8935
2019-05-28T18:46:14.472Z,8744.5,8745,8934.5,8935
2019-05-28T18:46:17.422Z,8744.5,8745,8934.5,8935
2019-05-28T18:46:17.422Z,8744.5,8745,8934.5,8935
2019-05-28T18:46:18.757Z,8744.5,8745,8934.5,8935
2019-05-28T18:46:18.757Z,8744.5,8745,8934.5,8935
2019-05-28T18:46:19.166Z,8740.5,8741,8933,8933.5
2019-05-28T18:46:20.912Z,8740.5,8741,8933,8933.5
2019-05-28T18:46:20.912Z,8740.5,8741,8933,8933.5
2019-05-28T18:46:23.423Z,8740.5,8741,8933,8933.5
2019-05-28T18:46:23.596Z,8740.5,8741,8933,8933.5
2019-05-28T18:46:25.609Z,8740.5,8741,8931.5,8932
2019-05-28T18:46:27.252Z,8740.5,8741,8931.5,8932
2019-05-28T18:46:27.976Z,8740.5,8741,8931.5,8932
2019-05-28T18:46:27.976Z,8740.5,8741,8931.5,8932
2019-05-28T18:46:29.960Z,8740.5,8741,8931.5,8932
2019-05-28T18:46:31.707Z,8740.5,8741,8931.5,8932
2019-05-28T18:46:32.225Z,8740.5,8741,8931.5,8932
2019-05-28T18:46:32.225Z,8740.5,8741,8931.5,8932
2019-05-28T18:46:32.225Z,8740.5,8741,8931.5,8932
2019-05-28T18:46:35.000Z,8740,8740.5,8931.5,8932
2019-05-28T18:46:36.828Z,8740,8740.5,8931.5,8932
2019-05-28T18:46:36.828Z,8740,8740.5,8931.5,8932
2019-05-28T18:46:36.828Z,8740,8740.5,8931.5,8932
2019-05-28T18:46:40.846Z,8740,8740.5,8931.5,8932
2019-05-28T18:46:42.164Z,8740,8740.5,8931.5,8932
2019-05-28T18:46:42.733Z,8740,8740.5,8931.5,8932
2019-05-28T18:46:42.733Z,8740,8740.5,8931.5,8932
2019-05-28T18:46:45.315Z,8740,8740.5,8931,8931.5
2019-05-28T18:46:45.315Z,8740,8740.5,8931,8931.5
2019-05-28T18:46:46.764Z,8740,8740.5,8931,8931.5
2019-05-28T18:46:46.764Z,8740,8740.5,8931,8931.5
2019-05-28T18:46:47.503Z,8740,8740.5,8931,8931.5
2019-05-28T18:46:47.503Z,8740,8740.5,8931,8931.5
2019-05-28T18:46:50.376Z,8738.5,8739,8930,8930.5
2019-05-28T18:46:50.376Z,8738.5,8739,8930,8930.5
2019-05-28T18:46:50.376Z,8738.5,8739,8930,8930.5
2019-05-28T18:46:50.376Z,8738.5,8739,8930,8930.5
2019-05-28T18:46:50.376Z,8738.5,8739,8930,8930.5
2019-05-28T18:46:55.951Z,8738.5,8739,8929.5,8930
2019-05-28T18:46:57.357Z,8738.5,8739,8929.5,8930
2019-05-28T18:46:57.357Z,8738.5,8739,8929.5,8930
2019-05-28T18:46:57.749Z,8738.5,8739,8929.5,8930
2019-05-28T18:46:57.749Z,8738.5,8739,8929.5,8930
2019-05-28T18:47:00.010Z,8739,8739.5,8930,8930.5
2019-05-28T18:47:00.010Z,8739,8739.5,8930,8930.5
2019-05-28T18:47:03.203Z,8739,8739.5,8930,8930.5
2019-05-28T18:47:03.203Z,8739,8739.5,8930,8930.5
2019-05-28T18:47:03.203Z,8739,8739.5,8930,8930.5
2019-05-28T18:47:03.203Z,8739,8739.5,8930,8930.5
2019-05-28T18:47:05.967Z,8742.5,8743,8932.5,8933
2019-05-28T18:47:07.260Z,8742.5,8743,8932.5,8933
2019-05-28T18:47:08.004Z,8742.5,8743,8932.5,8933
2019-05-28T18:47:08.004Z,8742.5,8743,8932.5,8933
2019-05-28T18:47:08.823Z,8744.5,8745,8932.5,8933
2019-05-28T18:47:10.299Z,8744.5,8745,8932.5,8933
2019-05-28T18:47:10.299Z,8744.5,8745,8932.5,8933
2019-05-28T18:47:10.299Z,8744.5,8745,8932.5,8933
2019-05-28T18:47:15.231Z,8744.5,8745,8932.5,8933
2019-05-28T18:47:15.231Z,8744.5,8745,8932.5,8933
2019-05-28T18:47:15.231Z,8744.5,8745,8932.5,8933
2019-05-28T18:47:17.758Z,8744.5,8745,8932.5,8933
2019-05-28T18:47:17.850Z,8744.5,8745,8932.5,8933
2019-05-28T18:47:18.409Z,8744.5,8745,8932.5,8933
2019-05-28T18:47:20.267Z,8744.5,8745,8930,8930.5
2019-05-28T18:47:22.269Z,8744.5,8745,8930,8930.5
2019-05-28T18:47:22.269Z,8744.5,8745,8930,8930.5
2019-05-28T18:47:22.269Z,8744.5,8745,8930,8930.5
2019-05-28T18:47:23.775Z,8744.5,8745,8930,8930.5
2019-05-28T18:47:25.000Z,8744.5,8745,8930,8930.5
2019-05-28T18:47:27.435Z,8744.5,8745,8930,8930.5
2019-05-28T18:47:27.918Z,8744.5,8745,8930,8930.5
2019-05-28T18:47:28.369Z,8744.5,8745,8930,8930.5
2019-05-28T18:47:30.000Z,8744.5,8745,8930,8930.5
2019-05-28T18:47:30.000Z,8744.5,8745,8930,8930.5
2019-05-28T18:47:30.000Z,8744.5,8745,8930,8930.5
2019-05-28T18:47:30.000Z,8744.5,8745,8930,8930.5
2019-05-28T18:47:34.896Z,8744.5,8745,8930,8930.5
2019-05-28T18:47:35.000Z,8744.5,8745,8930,8930.5
2019-05-28T18:47:37.414Z,8744.5,8745,8930,8930.5
2019-05-28T18:47:37.414Z,8744.5,8745,8930,8930.5
2019-05-28T18:47:38.313Z,8744.5,8745,8930,8930.5
2019-05-28T18:47:40.000Z,8744.5,8745,8930,8930.5
2019-05-28T18:47:40.000Z,8744.5,8745,8930,8930.5
2019-05-28T18:47:40.000Z,8744.5,8745,8930,8930.5
2019-05-28T18:47:40.000Z,8744.5,8745,8930,8930.5
2019-05-28T18:47:40.000Z,8744.5,8745,8930,8930.5
2019-05-28T18:47:45.000Z,8744.5,8745,8930,8930.5
2019-05-28T18:47:46.880Z,8744.5,8745,8930,8930.5
2019-05-28T18:47:46.880Z,8744.5,8745,8930,8930.5
2019-05-28T18:47:47.743Z,8744.5,8745,8930,8930.5
2019-05-28T18:47:48.689Z,8744,8744.5,8930,8930.5
2019-05-28T18:47:50.000Z,8744,8744.5,8930,8930.5
2019-05-28T18:47:51.719Z,8744,8744.5,8930,8930.5
2019-05-28T18:47:51.719Z,8744,8744.5,8930,8930.5
2019-05-28T18:47:51.719Z,8744,8744.5,8930,8930.5
2019-05-28T18:47:51.719Z,8744,8744.5,8930,8930.5
2019-05-28T18:47:55.000Z,8744,8744.5,8930,8930.5
2019-05-28T18:47:57.599Z,8744,8744.5,8930,8930.5
2019-05-28T18:47:57.599Z,8744,8744.5,8930,8930.5
2019-05-28T18:47:57.599Z,8744,8744.5,8930,8930.5
2019-05-28T18:47:57.599Z,8744,8744.5,8930,8930.5
2019-05-28T18:48:00.000Z,8744,8744.5,8930,8930.5
2019-05-28T18:48:00.000Z,8744,8744.5,8930,8930.5
2019-05-28T18:48:02.250Z,8744,8744.5,8930,8930.5
2019-05-28T18:48:02.250Z,8744,8744.5,8930,8930.5
2019-05-28T18:48:02.250Z,8744,8744.5,8930.5,8933
2019-05-28T18:48:05.936Z,8744,8744.5,8930.5,8933
2019-05-28T18:48:05.936Z,8744,8744.5,8930.5,8933
2019-05-28T18:48:05.936Z,8744,8744.5,8930.5,8933
2019-05-28T18:48:05.936Z,8744,8744.5,8930.5,8933
2019-05-28T18:48:05.936Z,8744,8744.5,8930.5,8933
2019-05-28T18:48:10.000Z,8744,8744.5,8932.5,8933
2019-05-28T18:48:11.821Z,8744,8744.5,8932.5,8933
2019-05-28T18:48:11.821Z,8744,8744.5,8932.5,8933
2019-05-28T18:48:11.821Z,8744,8744.5,8932.5,8933
2019-05-28T18:48:14.155Z,8744,8744.5,8932.5,8933
2019-05-28T18:48:15.739Z,8744,8744.5,8932.5,8933
2019-05-28T18:48:15.739Z,8744,8744.5,8932.5,8933
2019-05-28T18:48:15.739Z,8744,8744.5,8932.5,8933
2019-05-28T18:48:15.739Z,8744,8744.5,8932.5,8933
2019-05-28T18:48:18.898Z,8744,8744.5,8932.5,8933
2019-05-28T18:48:20.108Z,8744,8744.5,8932.5,8933
2019-05-28T18:48:20.108Z,8744,8744.5,8932.5,8933
2019-05-28T18:48:20.108Z,8744,8744.5,8932.5,8933
2019-05-28T18:48:20.108Z,8744,8744.5,8932.5,8933
2019-05-28T18:48:25.000Z,8744,8744.5,8932.5,8933
2019-05-28T18:48:27.075Z,8744,8744.5,8932.5,8933
2019-05-28T18:48:27.075Z,8744,8744.5,8932.5,8933
2019-05-28T18:48:27.075Z,8744,8744.5,8932.5,8933
2019-05-28T18:48:27.075Z,8744,8744.5,8932.5,8933
2019-05-28T18:48:27.075Z,8744,8744.5,8934.5,8935
2019-05-28T18:48:32.223Z,8744,8744.5,8934.5,8935
2019-05-28T18:48:32.223Z,8744,8744.5,8934.5,8935
2019-05-28T18:48:32.223Z,8744,8744.5,8934.5,8935
2019-05-28T18:48:34.345Z,8744,8744.5,8934.5,8935
2019-05-28T18:48:35.000Z,8744,8744.5,8934.5,8935
2019-05-28T18:48:35.000Z,8744,8744.5,8934.5,8935
2019-05-28T18:48:38.798Z,8744,8744.5,8934.5,8935
2019-05-28T18:48:39.934Z,8744.5,8745,8934.5,8935
2019-05-28T18:48:40.584Z,8744.5,8745,8934.5,8935
2019-05-28T18:48:42.338Z,8744.5,8745,8934.5,8935
2019-05-28T18:48:42.338Z,8744.5,8745,8934.5,8935
2019-05-28T18:48:42.338Z,8744.5,8745,8934.5,8935
2019-05-28T18:48:43.799Z,8744.5,8745,8936,8936.5
2019-05-28T18:48:45.901Z,8744.5,8745,8936,8936.5
2019-05-28T18:48:45.901Z,8744.5,8745,8936,8936.5
2019-05-28T18:48:47.726Z,8744.5,8745,8936,8936.5
2019-05-28T18:48:47.726Z,8744.5,8745,8936,8936.5
2019-05-28T18:48:48.853Z,8746.5,8747,8937,8937.5
2019-05-28T18:48:50.000Z,8746.5,8747,8937,8937.5
2019-05-28T18:48:50.000Z,8746.5,8747,8937,8937.5
2019-05-28T18:48:50.000Z,8746.5,8747,8937,8937.5
2019-05-28T18:48:50.000Z,8746.5,8747,8937,8937.5
2019-05-28T18:48:50.000Z,8746.5,8747,8937.5,8938
2019-05-28T18:48:55.000Z,8746.5,8747,8937.5,8938
2019-05-28T18:48:57.507Z,8746.5,8747,8937.5,8938
2019-05-28T18:48:57.507Z,8746.5,8747,8937.5,8938
2019-05-28T18:48:59.130Z,8746.5,8747,8937.5,8938
2019-05-28T18:48:59.130Z,8746.5,8747,8937.5,8938
2019-05-28T18:49:00.987Z,8746.5,8747,8937.5,8938
2019-05-28T18:49:00.987Z,8746.5,8747,8937.5,8938
2019-05-28T18:49:02.123Z,8746.5,8747,8939.5,8940
2019-05-28T18:49:05.094Z,8746.5,8747,8939.5,8940
2019-05-28T18:49:05.804Z,8746.5,8747,8939.5,8940
2019-05-28T18:49:06.753Z,8746.5,8747,8939.5,8940
2019-05-28T18:49:07.099Z,8746.5,8747,8939.5,8940
2019-05-28T18:49:07.099Z,8746.5,8747,8939.5,8940
2019-05-28T18:49:07.099Z,8746.5,8747,8939.5,8940
2019-05-28T18:49:07.099Z,8746.5,8747,8939.5,8940
2019-05-28T18:49:08.751Z,8746.5,8747,8941,8941.5
2019-05-28T18:49:08.751Z,8746.5,8747,8941,8941.5
2019-05-28T18:49:11.781Z,8746.5,8747,8936.5,8937
2019-05-28T18:49:15.669Z,8746.5,8747,8936.5,8937
2019-05-28T18:49:15.996Z,8746.5,8747,8936.5,8937
2019-05-28T18:49:16.870Z,8746.5,8747,8936.5,8937
2019-05-28T18:49:17.764Z,8746.5,8747,8936.5,8937
2019-05-28T18:49:17.764Z,8746.5,8747,8936.5,8937
2019-05-28T18:49:18.890Z,8746.5,8747,8934,8935
2019-05-28T18:49:20.995Z,8746.5,8747,8934,8935
2019-05-28T18:49:20.995Z,8746.5,8747,8934,8935
2019-05-28T18:49:20.995Z,8746.5,8747,8934,8935
2019-05-28T18:49:20.995Z,8746.5,8747,8934,8935
2019-05-28T18:49:25.108Z,8746.5,8747,8934,8935
2019-05-28T18:49:25.108Z,8746.5,8747,8934,8935
2019-05-28T18:49:26.579Z,8746.5,8747,8934,8935
2019-05-28T18:49:26.579Z,8746.5,8747,8934,8935
2019-05-28T18:49:26.579Z,8746.5,8747,8934,8935
2019-05-28T18:49:26.579Z,8746.5,8747,8934,8935
2019-05-28T18:49:30.000Z,8746.5,8747,8934,8934.5
2019-05-28T18:49:30.000Z,8746.5,8747,8934,8934.5
2019-05-28T18:49:30.000Z,8746.5,8747,8934,8934.5
2019-05-28T18:49:33.330Z,8746.5,8747,8934,8934.5
2019-05-28T18:49:35.212Z,8746.5,8747,8934,8934.5
2019-05-28T18:49:35.212Z,8746.5,8747,8934,8934.5
2019-05-28T18:49:36.748Z,8746.5,8747,8934,8934.5
2019-05-28T18:49:36.748Z,8746.5,8747,8934,8934.5
2019-05-28T18:49:36.748Z,8746.5,8747,8934,8934.5
2019-05-28T18:49:40.055Z,8746.5,8747,8934,8934.5
2019-05-28T18:49:40.055Z,8746.5,8747,8934,8934.5
2019-05-28T18:49:42.404Z,8746.5,8747,8934,8934.5
2019-05-28T18:49:42.404Z,8746.5,8747,8934,8934.5
2019-05-28T18:49:44.086Z,8746.5,8747,8934,8934.5
2019-05-28T18:49:45.000Z,8746.5,8747,8934,8934.5
2019-05-28T18:49:45.000Z,8746.5,8747,8934,8934.5
2019-05-28T18:49:45.000Z,8746.5,8747,8934,8934.5
2019-05-28T18:49:47.214Z,8746.5,8747,8934,8934.5
2019-05-28T18:49:47.214Z,8746.5,8747,8934,8934.5
2019-05-28T18:49:50.000Z,8746.5,8747,8934,8934.5
2019-05-28T18:49:52.573Z,8746.5,8747,8934,8934.5
2019-05-28T18:49:52.573Z,8746.5,8747,8934,8934.5
2019-05-28T18:49:52.573Z,8746.5,8747,8934,8934.5
2019-05-28T18:49:54.814Z,8746.5,8747,8934,8934.5
2019-05-28T18:49:55.433Z,8746.5,8747,8934,8934.5
2019-05-28T18:49:55.433Z,8746.5,8747,8934,8934.5
2019-05-28T18:49:55.433Z,8746.5,8747,8934,8934.5
2019-05-28T18:49:55.433Z,8746.5,8747,8934,8934.5
2019-05-28T18:49:55.433Z,8746.5,8747,8934,8934.5
2019-05-28T18:50:00.000Z,8746.5,8747,8934,8934.5
2019-05-28T18:50:00.000Z,8746.5,8747,8934,8934.5
2019-05-28T18:50:00.000Z,8746.5,8747,8934,8934.5
2019-05-28T18:50:02.769Z,8746.5,8747,8934,8934.5
2019-05-28T18:50:05.718Z,8746.5,8747,8934,8934.5
2019-05-28T18:50:05.718Z,8746.5,8747,8934,8934.5
2019-05-28T18:50:07.763Z,8746.5,8747,8934,8934.5
2019-05-28T18:50:07.763Z,8746.5,8747,8934,8934.5
2019-05-28T18:50:07.763Z,8746.5,8747,8934,8934.5
2019-05-28T18:50:10.383Z,8746.5,8747,8934,8934.5
2019-05-28T18:50:11.853Z,8746.5,8747,8934,8934.5
2019-05-28T18:50:11.853Z,8746.5,8747,8934,8934.5
2019-05-28T18:50:11.853Z,8746.5,8747,8934,8934.5
2019-05-28T18:50:15.626Z,8746.5,8747,8934,8934.5
2019-05-28T18:50:15.626Z,8746.5,8747,8934,8934.5
2019-05-28T18:50:17.590Z,8746.5,8747,8934,8934.5
2019-05-28T18:50:17.590Z,8746.5,8747,8934,8934.5
2019-05-28T18:50:17.590Z,8746.5,8747,8934,8934.5
2019-05-28T18:50:20.426Z,8746.5,8747,8934.5,8935
2019-05-28T18:50:20.426Z,8746.5,8747,8934.5,8935
2019-05-28T18:50:22.411Z,8746.5,8747,8934.5,8935
2019-05-28T18:50:22.500Z,8746.5,8747,8934.5,8935
2019-05-28T18:50:22.500Z,8746.5,8747,8934.5,8935
2019-05-28T18:50:22.500Z,8746.5,8747,8934.5,8935
2019-05-28T18:50:25.000Z,8746,8746.5,8935,8935.5
2019-05-28T18:50:27.692Z,8746,8746.5,8935,8935.5
2019-05-28T18:50:27.692Z,8746,8746.5,8935,8935.5
2019-05-28T18:50:27.692Z,8746,8746.5,8935,8935.5
2019-05-28T18:50:27.811Z,8746,8746.5,8935.5,8936
2019-05-28T18:50:30.000Z,8746,8746.5,8935.5,8936
2019-05-28T18:50:30.000Z,8746,8746.5,8935.5,8936
2019-05-28T18:50:30.000Z,8746,8746.5,8935.5,8936
2019-05-28T18:50:30.000Z,8746,8746.5,8935.5,8936
2019-05-28T18:50:33.811Z,8746,8746.5,8935,8935.5
2019-05-28T18:50:35.661Z,8746,8746.5,8935,8935.5
2019-05-28T18:50:35.661Z,8746,8746.5,8935,8935.5
2019-05-28T18:50:35.661Z,8746,8746.5,8935,8935.5
2019-05-28T18:50:37.451Z,8746,8746.5,8935,8935.5
2019-05-28T18:50:40.507Z,8746,8746.5,8935,8935.5
2019-05-28T18:50:40.507Z,8746,8746.5,8935,8935.5
2019-05-28T18:50:40.507Z,8746,8746.5,8935,8935.5
2019-05-28T18:50:40.507Z,8746,8746.5,8935,8935.5
2019-05-28T18:50:44.572Z,8746,8746.5,8935,8935.5
2019-05-28T18:50:44.572Z,8746,8746.5,8935,8935.5
2019-05-28T18:50:44.572Z,8746,8746.5,8935,8935.5
2019-05-28T18:50:45.000Z,8746,8746.5,8935,8935.5
2019-05-28T18:50:45.000Z,8746,8746.5,8935,8935.5
2019-05-28T18:50:45.000Z,8746,8746.5,8935,8935.5
2019-05-28T18:50:45.000Z,8746,8746.5,8935,8935.5
2019-05-28T18:50:45.000Z,8746,8746.5,8935,8935.5
2019-05-28T18:50:50.000Z,8746,8746.5,8935,8935.5
2019-05-28T18:50:50.000Z,8746,8746.5,8935,8935.5
2019-05-28T18:50:55.036Z,8746,8746.5,8935,8935.5
2019-05-28T18:50:55.036Z,8746,8746.5,8935,8935.5
2019-05-28T18:50:55.036Z,8746,8746.5,8935,8935.5
2019-05-28T18:50:55.036Z,8746,8746.5,8935,8935.5
2019-05-28T18:50:56.820Z,8746,8746.5,8935,8935.5
2019-05-28T18:50:59.946Z,8746,8746.5,8935,8935.5
2019-05-28T18:51:00.000Z,8746,8746.5,8935,8935.5
2019-05-28T18:51:00.000Z,8746,8746.5,8935,8935.5
2019-05-28T18:51:00.000Z,8746,8746.5,8935,8935.5
2019-05-28T18:51:03.941Z,8745.5,8746,8935,8935.5
2019-05-28T18:51:03.941Z,8745.5,8746,8935,8935.5
2019-05-28T18:51:05.866Z,8745.5,8746,8935,8935.5
2019-05-28T18:51:07.600Z,8745.5,8746,8935,8935.5
2019-05-28T18:51:07.600Z,8745.5,8746,8935,8935.5
2019-05-28T18:51:09.773Z,8744,8744.5,8935,8935.5
2019-05-28T18:51:10.000Z,8744,8744.5,8935,8935.5
2019-05-28T18:51:12.514Z,8744,8744.5,8935,8935.5
2019-05-28T18:51:12.898Z,8744,8744.5,8935,8935.5
2019-05-28T18:51:12.898Z,8744,8744.5,8935,8935.5
2019-05-28T18:51:14.719Z,8744,8744.5,8935,8935.5
2019-05-28T18:51:15.815Z,8744,8744.5,8935,8935.5
2019-05-28T18:51:15.815Z,8744,8744.5,8935,8935.5
2019-05-28T18:51:17.877Z,8744,8744.5,8935,8935.5
2019-05-28T18:51:17.877Z,8744,8744.5,8935,8935.5
2019-05-28T18:51:20.850Z,8744,8744.5,8935,8935.5
2019-05-28T18:51:20.850Z,8744,8744.5,8935,8935.5
2019-05-28T18:51:22.856Z,8744,8744.5,8935,8935.5
2019-05-28T18:51:23.823Z,8744,8744.5,8935,8935.5
2019-05-28T18:51:23.823Z,8744,8744.5,8935,8935.5
2019-05-28T18:51:25.487Z,8744,8744.5,8935,8935.5
2019-05-28T18:51:25.487Z,8744,8744.5,8935,8935.5
2019-05-28T18:51:25.487Z,8744,8744.5,8935,8935.5
2019-05-28T18:51:25.487Z,8744,8744.5,8935,8935.5
2019-05-28T18:51:25.487Z,8744,8744.5,8935,8935.5
2019-05-28T18:51:28.646Z,8744,8744.5,8935,8935.5
2019-05-28T18:51:31.794Z,8744,8744.5,8935,8935.5
2019-05-28T18:51:31.794Z,8744,8744.5,8935,8935.5
2019-05-28T18:51:31.794Z,8744,8744.5,8935,8935.5
2019-05-28T18:51:35.011Z,8744,8744.5,8935,8935.5
2019-05-28T18:51:35.011Z,8744,8744.5,8935,8935.5
2019-05-28T18:51:35.011Z,8744,8744.5,8935,8935.5
2019-05-28T18:51:35.011Z,8744,8744.5,8935,8935.5
2019-05-28T18:51:39.706Z,8744,8744.5,8936.5,8937
2019-05-28T18:51:39.706Z,8744,8744.5,8936.5,8937
2019-05-28T18:51:40.000Z,8744,8744.5,8936.5,8937
2019-05-28T18:51:42.229Z,8744,8744.5,8936.5,8937
2019-05-28T18:51:42.229Z,8744,8744.5,8936.5,8937
2019-05-28T18:51:43.251Z,8744,8744.5,8936.5,8937
2019-05-28T18:51:44.154Z,8744,8744.5,8939.5,8940
2019-05-28T18:51:45.000Z,8744,8744.5,8939.5,8940
2019-05-28T18:51:46.836Z,8744,8744.5,8939.5,8940
2019-05-28T18:51:46.836Z,8744,8744.5,8939.5,8940
2019-05-28T18:51:46.836Z,8744,8744.5,8941,8941.5
2019-05-28T18:51:50.000Z,8744,8744.5,8941,8941.5
2019-05-28T18:51:50.000Z,8744,8744.5,8941,8941.5
2019-05-28T18:51:50.000Z,8744,8744.5,8941,8941.5
2019-05-28T18:51:50.000Z,8744,8744.5,8941,8941.5
2019-05-28T18:51:53.929Z,8744,8744.5,8941,8941.5
2019-05-28T18:51:55.951Z,8744,8744.5,8941,8941.5
2019-05-28T18:51:55.951Z,8744,8744.5,8941,8941.5
2019-05-28T18:51:55.951Z,8744,8744.5,8941,8941.5
2019-05-28T18:51:55.951Z,8744,8744.5,8941,8941.5
2019-05-28T18:51:55.951Z,8744,8744.5,8941,8941.5
2019-05-28T18:51:58.092Z,8744,8744.5,8941,8941.5
2019-05-28T18:52:00.000Z,8744,8744.5,8941,8941.5
2019-05-28T18:52:00.000Z,8744,8744.5,8941,8941.5
2019-05-28T18:52:00.000Z,8744,8744.5,8941,8941.5
2019-05-28T18:52:00.000Z,8744,8744.5,8941,8941.5
2019-05-28T18:52:05.704Z,8744,8744.5,8938.5,8941
2019-05-28T18:52:07.965Z,8744,8744.5,8938.5,8941
2019-05-28T18:52:07.965Z,8744,8744.5,8938.5,8941
2019-05-28T18:52:07.965Z,8744,8744.5,8938.5,8941
2019-05-28T18:52:07.965Z,8744,8744.5,8938.5,8941
2019-05-28T18:52:10.000Z,8744.5,8745,8938.5,8939
2019-05-28T18:52:12.084Z,8744.5,8745,8938.5,8939
2019-05-28T18:52:12.084Z,8744.5,8745,8938.5,8939
2019-05-28T18:52:13.680Z,8744.5,8745,8938.5,8939
2019-05-28T18:52:13.680Z,8744.5,8745,8938.5,8939
2019-05-28T18:52:15.000Z,8744.5,8745,8938.5,8939
2019-05-28T18:52:15.000Z,8744.5,8745,8938.5,8939
2019-05-28T18:52:15.000Z,8744.5,8745,8938.5,8939
2019-05-28T18:52:20.055Z,8744.5,8745,8938.5,8939
2019-05-28T18:52:20.055Z,8744.5,8745,8938.5,8939
2019-05-28T18:52:21.731Z,8744.5,8745,8938.5,8939
2019-05-28T18:52:21.731Z,8744.5,8745,8938.5,8939
2019-05-28T18:52:21.731Z,8744.5,8745,8938.5,8939
2019-05-28T18:52:23.296Z,8745,8745.5,8940,8941
2019-05-28T18:52:25.000Z,8745,8745.5,8940,8941
2019-05-28T18:52:25.000Z,8745,8745.5,8940,8941
2019-05-28T18:52:25.000Z,8745,8745.5,8940,8941
2019-05-28T18:52:27.914Z,8745,8745.5,8940,8941
2019-05-28T18:52:27.914Z,8745.5,8746,8941,8941.5
2019-05-28T18:52:30.516Z,8745.5,8746,8941,8941.5
2019-05-28T18:52:30.516Z,8745.5,8746,8941,8941.5
2019-05-28T18:52:30.516Z,8745.5,8746,8941,8941.5
2019-05-28T18:52:31.442Z,8745.5,8746,8941,8941.5
2019-05-28T18:52:31.442Z,8745.5,8746,8941,8941.5
2019-05-28T18:52:35.000Z,8745.5,8746,8941,8941.5
2019-05-28T18:52:35.000Z,8745.5,8746,8941,8941.5
2019-05-28T18:52:35.000Z,8745.5,8746,8941,8941.5
2019-05-28T18:52:35.000Z,8745.5,8746,8941,8941.5
2019-05-28T18:52:39.698Z,8745.5,8746,8938.5,8939
2019-05-28T18:52:40.000Z,8745.5,8746,8938.5,8939
2019-05-28T18:52:42.603Z,8745.5,8746,8938.5,8939
2019-05-28T18:52:42.603Z,8745.5,8746,8938.5,8939
2019-05-28T18:52:43.102Z,8745.5,8746,8938.5,8939
2019-05-28T18:52:45.410Z,8745.5,8746,8940,8942
2019-05-28T18:52:45.410Z,8745.5,8746,8940,8942
2019-05-28T18:52:45.410Z,8745.5,8746,8940,8942
2019-05-28T18:52:45.410Z,8745.5,8746,8940,8942
2019-05-28T18:52:45.410Z,8745.5,8746,8941.5,8942
2019-05-28T18:52:50.000Z,8745.5,8746,8941.5,8942
2019-05-28T18:52:50.000Z,8745.5,8746,8941.5,8942
2019-05-28T18:52:50.000Z,8745.5,8746,8941.5,8942
2019-05-28T18:52:50.000Z,8745.5,8746,8941.5,8942
2019-05-28T18:52:55.932Z,8745.5,8746,8941.5,8942
2019-05-28T18:52:55.932Z,8745.5,8746,8941.5,8942
2019-05-28T18:52:55.932Z,8745.5,8746,8941.5,8942
2019-05-28T18:52:55.932Z,8745.5,8746,8941.5,8942
2019-05-28T18:52:55.932Z,8745.5,8746,8941.5,8942
2019-05-28T18:52:55.932Z,8745.5,8746,8941,8941.5
2019-05-28T18:53:00.000Z,8745.5,8746,8941,8941.5
2019-05-28T18:53:03.318Z,8745.5,8746,8941,8941.5
2019-05-28T18:53:03.318Z,8745.5,8746,8941,8941.5
2019-05-28T18:53:03.318Z,8745.5,8746,8941,8941.5
2019-05-28T18:53:03.318Z,8745.5,8746,8941,8941.5
2019-05-28T18:53:05.000Z,8745.5,8746,8939.5,8940.5
2019-05-28T18:53:05.000Z,8745.5,8746,8939.5,8940.5
2019-05-28T18:53:05.000Z,8745.5,8746,8939.5,8940.5
2019-05-28T18:53:09.356Z,8745.5,8746,8939.5,8940
2019-05-28T18:53:10.000Z,8745.5,8746,8939.5,8940
2019-05-28T18:53:12.197Z,8745.5,8746,8939.5,8940
2019-05-28T18:53:12.197Z,8745.5,8746,8939.5,8940
2019-05-28T18:53:13.061Z,8745.5,8746,8939.5,8940
2019-05-28T18:53:13.957Z,8745.5,8746,8940.5,8941
2019-05-28T18:53:15.240Z,8745.5,8746,8940.5,8941
2019-05-28T18:53:15.240Z,8745.5,8746,8940.5,8941
2019-05-28T18:53:15.240Z,8745.5,8746,8940.5,8941
2019-05-28T18:53:15.240Z,8745.5,8746,8941,8941.5
2019-05-28T18:53:15.240Z,8745.5,8746,8941,8941.5
2019-05-28T18:53:20.000Z,8745.5,8746,8941,8941.5
2019-05-28T18:53:21.746Z,8745.5,8746,8941,8941.5
2019-05-28T18:53:21.746Z,8745.5,8746,8941,8941.5
2019-05-28T18:53:21.746Z,8745.5,8746,8941,8941.5
2019-05-28T18:53:24.002Z,8745.5,8746,8941,8941.5
2019-05-28T18:53:25.000Z,8745.5,8746,8941,8941.5
2019-05-28T18:53:25.000Z,8745.5,8746,8941,8941.5
2019-05-28T18:53:25.000Z,8745.5,8746,8941,8941.5
2019-05-28T18:53:27.322Z,8745.5,8746,8940,8941
2019-05-28T18:53:29.728Z,8745.5,8746,8940,8941
2019-05-28T18:53:30.000Z,8745.5,8746,8940,8941
2019-05-28T18:53:32.288Z,8745.5,8746,8940,8941
2019-05-28T18:53:32.288Z,8745.5,8746,8940,8941
2019-05-28T18:53:32.288Z,8745.5,8746,8940,8941
2019-05-28T18:53:33.652Z,8745.5,8746,8937.5,8938
2019-05-28T18:53:35.913Z,8745.5,8746,8937.5,8938
2019-05-28T18:53:35.913Z,8745.5,8746,8937.5,8938
2019-05-28T18:53:35.913Z,8745.5,8746,8937.5,8938
2019-05-28T18:53:35.913Z,8745.5,8746,8937.5,8938
2019-05-28T18:53:39.533Z,8745.5,8746,8937.5,8938
2019-05-28T18:53:40.307Z,8745.5,8746,8937.5,8938
2019-05-28T18:53:42.219Z,8745.5,8746,8937.5,8938
2019-05-28T18:53:42.618Z,8745.5,8746,8937.5,8938
2019-05-28T18:53:45.187Z,8744.5,8745,8937.5,8938
2019-05-28T18:53:45.187Z,8744.5,8745,8937.5,8938
2019-05-28T18:53:45.187Z,8744.5,8745,8937.5,8938
2019-05-28T18:53:45.187Z,8744.5,8745,8937.5,8938
2019-05-28T18:53:45.187Z,8744.5,8745,8937.5,8938
2019-05-28T18:53:45.187Z,8744.5,8745,8937.5,8938
2019-05-28T18:53:50.420Z,8744,8744.5,8937.5,8938
2019-05-28T18:53:52.062Z,8744,8744.5,8937.5,8938
2019-05-28T18:53:52.062Z,8744,8744.5,8937.5,8938
2019-05-28T18:53:52.924Z,8741.5,8742,8935.5,8936
2019-05-28T18:53:52.924Z,8741.5,8742,8935.5,8936
2019-05-28T18:53:55.100Z,8741.5,8742,8935.5,8936
2019-05-28T18:53:55.100Z,8741.5,8742,8935.5,8936
2019-05-28T18:53:58.537Z,8741.5,8742,8935,8935.5
2019-05-28T18:53:58.537Z,8741.5,8742,8935,8935.5
2019-05-28T18:53:58.537Z,8741.5,8742,8935,8935.5
2019-05-28T18:54:00.000Z,8741.5,8742,8935,8935.5
2019-05-28T18:54:00.000Z,8741.5,8742,8935,8935.5
2019-05-28T18:54:00.000Z,8741.5,8742,8935,8935.5
2019-05-28T18:54:04.151Z,8741.5,8742,8935,8935.5
2019-05-28T18:54:05.000Z,8741.5,8742,8935,8935.5
2019-05-28T18:54:06.715Z,8741.5,8742,8935,8935.5
2019-05-28T18:54:07.783Z,8741.5,8742,8935,8935.5
2019-05-28T18:54:07.783Z,8741.5,8742,8935,8935.5
2019-05-28T18:54:07.783Z,8741.5,8742,8935,8935.5
2019-05-28T18:54:10.000Z,8741.5,8742,8935,8935.5
2019-05-28T18:54:12.758Z,8741.5,8742,8935,8935.5
2019-05-28T18:54:12.758Z,8741.5,8742,8935,8935.5
2019-05-28T18:54:12.758Z,8741.5,8742,8935,8935.5
2019-05-28T18:54:13.699Z,8741.5,8742,8935,8935.5
2019-05-28T18:54:13.699Z,8741.5,8742,8935,8935.5
2019-05-28T18:54:13.699Z,8741.5,8742,8935,8935.5
2019-05-28T18:54:18.709Z,8741.5,8742,8935,8935.5
2019-05-28T18:54:18.709Z,8741.5,8742,8935,8935.5
2019-05-28T18:54:18.709Z,8741.5,8742,8935,8935.5
2019-05-28T18:54:20.161Z,8741.5,8742,8935,8935.5
2019-05-28T18:54:22.186Z,8741.5,8742,8935,8935.5
2019-05-28T18:54:22.186Z,8741.5,8742,8935,8935.5
2019-05-28T18:54:25.199Z,8741.5,8742,8935,8935.5
2019-05-28T18:54:25.199Z,8741.5,8742,8935,8935.5
2019-05-28T18:54:26.527Z,8741.5,8742,8935,8935.5
2019-05-28T18:54:27.010Z,8741.5,8742,8935,8935.5
2019-05-28T18:54:27.010Z,8741.5,8742,8935,8935.5
2019-05-28T18:54:27.381Z,8742,8742.5,8935,8935.5
2019-05-28T18:54:29.632Z,8742,8742.5,8935,8935.5
2019-05-28T18:54:31.963Z,8742,8742.5,8935,8935.5
2019-05-28T18:54:31.963Z,8742,8742.5,8935,8935.5
2019-05-28T18:54:31.963Z,8742,8742.5,8935,8935.5
2019-05-28T18:54:31.963Z,8742,8742.5,8935,8935.5
2019-05-28T18:54:33.608Z,8742,8742.5,8937.5,8938
2019-05-28T18:54:36.798Z,8742,8742.5,8937.5,8938
2019-05-28T18:54:36.798Z,8742,8742.5,8937.5,8938
2019-05-28T18:54:36.798Z,8742,8742.5,8937.5,8938
2019-05-28T18:54:38.584Z,8742,8742.5,8937,8938
2019-05-28T18:54:40.692Z,8742,8742.5,8937,8938
2019-05-28T18:54:40.692Z,8742,8742.5,8937,8938
2019-05-28T18:54:40.692Z,8742,8742.5,8937,8938
2019-05-28T18:54:40.692Z,8742,8742.5,8937,8938
2019-05-28T18:54:45.516Z,8742,8742.5,8937.5,8938
2019-05-28T18:54:45.516Z,8742,8742.5,8937.5,8938
2019-05-28T18:54:47.369Z,8742,8742.5,8937.5,8938
2019-05-28T18:54:47.369Z,8742,8742.5,8937.5,8938
2019-05-28T18:54:48.101Z,8742,8742.5,8937.5,8938
2019-05-28T18:54:49.286Z,8742,8742.5,8937.5,8938
2019-05-28T18:54:51.336Z,8742,8742.5,8937.5,8938
2019-05-28T18:54:52.438Z,8742,8742.5,8937.5,8938
2019-05-28T18:54:52.438Z,8742,8742.5,8937.5,8938
2019-05-28T18:54:53.392Z,8743,8743.5,8937.5,8938
2019-05-28T18:54:53.392Z,8743,8743.5,8937.5,8938
2019-05-28T18:54:57.847Z,8743,8743.5,8937.5,8938
2019-05-28T18:54:57.847Z,8743,8743.5,8937.5,8938
2019-05-28T18:54:59.526Z,8744,8744.5,8937.5,8938
2019-05-28T18:54:59.526Z,8744,8744.5,8937.5,8938
2019-05-28T18:54:59.526Z,8744,8744.5,8937.5,8938
2019-05-28T18:55:01.643Z,8744,8744.5,8937.5,8938
2019-05-28T18:55:01.969Z,8744,8744.5,8937.5,8938
2019-05-28T18:55:01.969Z,8744,8744.5,8937.5,8938
2019-05-28T18:55:01.969Z,8744,8744.5,8937.5,8938
2019-05-28T18:55:06.014Z,8745,8745.5,8937.5,8938
2019-05-28T18:55:07.862Z,8745,8745.5,8937.5,8938
2019-05-28T18:55:07.862Z,8745,8745.5,8937.5,8938
2019-05-28T18:55:09.702Z,8745,8745.5,8937.5,8938
2019-05-28T18:55:09.702Z,8745,8745.5,8937.5,8938
2019-05-28T18:55:10.000Z,8745,8745.5,8937.5,8938
2019-05-28T18:55:12.450Z,8745,8745.5,8937.5,8938
2019-05-28T18:55:12.450Z,8745,8745.5,8937.5,8938
2019-05-28T18:55:12.450Z,8745,8745.5,8937.5,8938
2019-05-28T18:55:12.450Z,8745,8745.5,8937.5,8938
2019-05-28T18:55:15.000Z,8745,8745.5,8937.5,8938
2019-05-28T18:55:15.000Z,8745,8745.5,8937.5,8938
2019-05-28T18:55:17.920Z,8745,8745.5,8937.5,8938
2019-05-28T18:55:17.920Z,8745,8745.5,8937.5,8938
2019-05-28T18:55:17.920Z,8745,8745.5,8937.5,8938
2019-05-28T18:55:20.000Z,8745,8745.5,8937.5,8938
2019-05-28T18:55:20.000Z,8745,8745.5,8937.5,8938
2019-05-28T18:55:20.000Z,8745,8745.5,8937.5,8938
2019-05-28T18:55:20.000Z,8745,8745.5,8937.5,8938
2019-05-28T18:55:23.573Z,8745,8745.5,8937.5,8938
2019-05-28T18:55:25.936Z,8745,8745.5,8937.5,8938
2019-05-28T18:55:25.936Z,8745,8745.5,8937.5,8938
2019-05-28T18:55:25.936Z,8745,8745.5,8937.5,8938
2019-05-28T18:55:29.835Z,8745,8745.5,8937.5,8938
2019-05-28T18:55:29.835Z,8745,8745.5,8937.5,8938
2019-05-28T18:55:30.000Z,8745,8745.5,8937.5,8938
2019-05-28T18:55:30.000Z,8745,8745.5,8937.5,8938
2019-05-28T18:55:30.000Z,8745,8745.5,8937.5,8938
2019-05-28T18:55:33.761Z,8745,8745.5,8937.5,8938
2019-05-28T18:55:35.871Z,8746.5,8747,8937.5,8938
2019-05-28T18:55:37.364Z,8746.5,8747,8937.5,8938
2019-05-28T18:55:37.364Z,8746.5,8747,8937.5,8938
2019-05-28T18:55:37.364Z,8746.5,8747,8937.5,8938
2019-05-28T18:55:37.364Z,8746.5,8747,8937.5,8938
2019-05-28T18:55:40.000Z,8747,8747.5,8937.5,8938
2019-05-28T18:55:40.000Z,8747,8747.5,8937.5,8938
2019-05-28T18:55:40.000Z,8747,8747.5,8937.5,8938
2019-05-28T18:55:40.000Z,8747,8747.5,8937.5,8938
2019-05-28T18:55:44.037Z,8748,8748.5,8937.5,8938
2019-05-28T18:55:46.558Z,8748,8748.5,8937.5,8938
2019-05-28T18:55:46.761Z,8748,8748.5,8937.5,8938
2019-05-28T18:55:48.935Z,8748,8748.5,8937.5,8938
2019-05-28T18:55:48.935Z,8748,8748.5,8937.5,8938
2019-05-28T18:55:48.935Z,8748,8748.5,8937.5,8938
2019-05-28T18:55:50.000Z,8748,8748.5,8937.5,8938
2019-05-28T18:55:50.000Z,8748,8748.5,8937.5,8938
2019-05-28T18:55:50.000Z,8748,8748.5,8937.5,8938
2019-05-28T18:55:53.882Z,8748,8748.5,8937.5,8938
2019-05-28T18:55:53.882Z,8748,8748.5,8937.5,8938
2019-05-28T18:55:53.882Z,8748,8748.5,8937.5,8938
2019-05-28T18:55:53.882Z,8748,8748.5,8937.5,8938
2019-05-28T18:55:59.614Z,8748,8748.5,8937.5,8938
2019-05-28T18:55:59.614Z,8748,8748.5,8937.5,8938
2019-05-28T18:56:00.939Z,8748,8748.5,8937.5,8938
2019-05-28T18:56:00.939Z,8748,8748.5,8937.5,8938
2019-05-28T18:56:00.939Z,8748,8748.5,8937.5,8938
2019-05-28T18:56:00.939Z,8748,8748.5,8937.5,8938
2019-05-28T18:56:03.160Z,8748,8748.5,8938,8939
2019-05-28T18:56:06.713Z,8748,8748.5,8938,8939
2019-05-28T18:56:07.525Z,8748,8748.5,8938,8939
2019-05-28T18:56:07.525Z,8748,8748.5,8938,8939
2019-05-28T18:56:07.525Z,8748,8748.5,8938,8939
2019-05-28T18:56:10.671Z,8748,8748.5,8938.5,8939
2019-05-28T18:56:12.310Z,8748,8748.5,8938.5,8939
2019-05-28T18:56:12.310Z,8748,8748.5,8938.5,8939
2019-05-28T18:56:12.310Z,8748,8748.5,8938.5,8939
2019-05-28T18:56:12.310Z,8748,8748.5,8938.5,8939
2019-05-28T18:56:15.000Z,8748,8748.5,8938.5,8939
2019-05-28T18:56:16.777Z,8748,8748.5,8938.5,8939
2019-05-28T18:56:16.777Z,8748,8748.5,8938.5,8939
2019-05-28T18:56:16.777Z,8748,8748.5,8938.5,8939
2019-05-28T18:56:16.777Z,8748,8748.5,8938.5,8939
2019-05-28T18:56:20.981Z,8748,8748.5,8938.5,8939
2019-05-28T18:56:21.686Z,8748,8748.5,8938.5,8939
2019-05-28T18:56:21.686Z,8748,8748.5,8938.5,8939
2019-05-28T18:56:21.686Z,8748,8748.5,8938.5,8939
2019-05-28T18:56:21.686Z,8748,8748.5,8938.5,8939
2019-05-28T18:56:25.000Z,8748,8748.5,8938.5,8939
2019-05-28T18:56:27.014Z,8748,8748.5,8938.5,8939
2019-05-28T18:56:27.014Z,8748,8748.5,8938.5,8939
2019-05-28T18:56:27.014Z,8748,8748.5,8938.5,8939
2019-05-28T18:56:27.014Z,8748,8748.5,8938.5,8939
2019-05-28T18:56:30.000Z,8748,8748.5,8938.5,8939
2019-05-28T18:56:30.000Z,8748,8748.5,8938.5,8939
2019-05-28T18:56:30.000Z,8748,8748.5,8938.5,8939
2019-05-28T18:56:34.148Z,8748,8748.5,8938.5,8939
2019-05-28T18:56:34.148Z,8748,8748.5,8938.5,8939
2019-05-28T18:56:35.162Z,8748,8748.5,8938.5,8939
2019-05-28T18:56:35.162Z,8748,8748.5,8938.5,8939
2019-05-28T18:56:35.162Z,8748,8748.5,8938.5,8939
2019-05-28T18:56:35.162Z,8748,8748.5,8938.5,8939
2019-05-28T18:56:35.162Z,8748,8748.5,8938.5,8939
2019-05-28T18:56:40.851Z,8747,8747.5,8938.5,8939
2019-05-28T18:56:40.851Z,8747,8747.5,8938.5,8939
2019-05-28T18:56:40.851Z,8747,8747.5,8938.5,8939
2019-05-28T18:56:40.851Z,8747,8747.5,8938.5,8939
2019-05-28T18:56:43.765Z,8747,8747.5,8938.5,8939
2019-05-28T18:56:46.680Z,8747,8747.5,8938.5,8939
2019-05-28T18:56:46.680Z,8747,8747.5,8938.5,8939
2019-05-28T18:56:46.680Z,8747,8747.5,8938.5,8939
2019-05-28T18:56:48.307Z,8747,8747.5,8938.5,8939
2019-05-28T18:56:50.432Z,8747,8747.5,8938.5,8939
2019-05-28T18:56:52.249Z,8747,8747.5,8938.5,8939
2019-05-28T18:56:52.249Z,8747,8747.5,8938.5,8939
2019-05-28T18:56:52.249Z,8747,8747.5,8938.5,8939
2019-05-28T18:56:53.916Z,8747,8747.5,8938.5,8939
2019-05-28T18:56:55.791Z,8747,8747.5,8938.5,8939
2019-05-28T18:56:55.791Z,8747,8747.5,8938.5,8939
2019-05-28T18:56:55.791Z,8747,8747.5,8938.5,8939
2019-05-28T18:56:58.747Z,8747,8747.5,8938.5,8939
2019-05-28T18:57:00.014Z,8747,8747.5,8938.5,8939
2019-05-28T18:57:00.014Z,8747,8747.5,8938.5,8939
2019-05-28T18:57:00.014Z,8747,8747.5,8938.5,8939
2019-05-28T18:57:03.285Z,8747,8747.5,8938.5,8939
2019-05-28T18:57:03.285Z,8747,8747.5,8938.5,8939
2019-05-28T18:57:03.285Z,8747,8747.5,8938.5,8939
2019-05-28T18:57:05.773Z,8747,8747.5,8938.5,8939
2019-05-28T18:57:05.773Z,8747,8747.5,8938.5,8939
2019-05-28T18:57:05.773Z,8747,8747.5,8938.5,8939
2019-05-28T18:57:10.242Z,8747,8747.5,8938.5,8939
2019-05-28T18:57:10.242Z,8747,8747.5,8938.5,8939
2019-05-28T18:57:10.242Z,8747,8747.5,8938.5,8939
2019-05-28T18:57:10.242Z,8747,8747.5,8938.5,8939
2019-05-28T18:57:10.242Z,8747,8747.5,8938.5,8939
2019-05-28T18:57:14.818Z,8747,8747.5,8938.5,8939
2019-05-28T18:57:15.000Z,8747,8747.5,8938.5,8939
2019-05-28T18:57:15.000Z,8747,8747.5,8938.5,8939
2019-05-28T18:57:15.000Z,8747,8747.5,8938.5,8939
2019-05-28T18:57:15.000Z,8747,8747.5,8938.5,8939
2019-05-28T18:57:19.969Z,8747,8747.5,8938.5,8939
2019-05-28T18:57:20.000Z,8747,8747.5,8938.5,8939
2019-05-28T18:57:20.000Z,8747,8747.5,8938.5,8939
2019-05-28T18:57:22.770Z,8747,8747.5,8938.5,8939
2019-05-28T18:57:22.770Z,8747,8747.5,8938.5,8939
2019-05-28T18:57:24.789Z,8747,8747.5,8938.5,8939
2019-05-28T18:57:25.000Z,8747,8747.5,8938.5,8939
2019-05-28T18:57:25.000Z,8747,8747.5,8938.5,8939
2019-05-28T18:57:25.000Z,8747,8747.5,8938.5,8939
2019-05-28T18:57:25.000Z,8747,8747.5,8938.5,8939
2019-05-28T18:57:29.881Z,8747,8747.5,8938.5,8939
2019-05-28T18:57:32.364Z,8747,8747.5,8938.5,8939
2019-05-28T18:57:32.364Z,8747,8747.5,8938.5,8939
2019-05-28T18:57:32.364Z,8747,8747.5,8938.5,8939
2019-05-28T18:57:35.210Z,8747,8747.5,8938.5,8939
2019-05-28T18:57:35.210Z,8747,8747.5,8938.5,8939
2019-05-28T18:57:35.210Z,8747,8747.5,8938.5,8939
2019-05-28T18:57:35.210Z,8747,8747.5,8938.5,8939
2019-05-28T18:57:35.210Z,8747,8747.5,8938.5,8939
